61230254,0.99950000,39.00000000,38.98050000,1683936000610,True,True
61230255,0.99960000,27.00000000,26.98920000,1683936004408,False,True
61230256,0.99950000,135.00000000,134.93250000,1683936004752,True,True
61230257,0.99950000,33.00000000,32.98350000,1683936005755,True,True
61230258,0.99960000,211.00000000,210.91560000,1683936007539,False,True
61230259,0.99960000,12.00000000,11.99520000,1683936011547,False,True
61230260,0.99950000,12.00000000,11.99400000,1683936012787,True,True
61230261,0.99960000,3867.00000000,3865.45320000,1683936013473,False,True
61230262,0.99960000,296.00000000,295.88160000,1683936014511,False,True
61230263,0.99960000,67.00000000,66.97320000,1683936014838,False,True
61230264,0.99960000,12.00000000,11.99520000,1683936015555,False,True
61230265,0.99960000,13.00000000,12.99480000,1683936016405,False,True
61230266,0.99960000,16.00000000,15.99360000,1683936017798,False,True
61230267,0.99950000,627.00000000,626.68650000,1683936018868,True,True
61230268,0.99960000,2171.00000000,2170.13160000,1683936019438,False,True
61230269,0.99960000,268.00000000,267.89280000,1683936020051,False,True
61230270,0.99960000,20.00000000,19.99200000,1683936021072,False,True
61230271,0.99960000,317.00000000,316.87320000,1683936023259,False,True
61230272,0.99960000,33.00000000,32.98680000,1683936023582,False,True
61230273,0.99960000,317.00000000,316.87320000,1683936024383,False,True
61230274,0.99960000,4989.00000000,4987.00440000,1683936026380,False,True
61230275,0.99960000,180.00000000,179.92800000,1683936027173,False,True
61230276,0.99960000,12.00000000,11.99520000,1683936029398,False,True
61230277,0.99960000,242.00000000,241.90320000,1683936029559,False,True
61230278,0.99960000,20.00000000,19.99200000,1683936030656,False,True
61230279,0.99960000,13.00000000,12.99480000,1683936030961,False,True
61230280,0.99960000,493.00000000,492.80280000,1683936032475,False,True
61230281,0.99960000,299.00000000,298.88040000,1683936032764,False,True
61230282,0.99960000,225.00000000,224.91000000,1683936033621,False,True
61230283,0.99950000,118.00000000,117.94100000,1683936033784,True,True
61230284,0.99950000,26.00000000,25.98700000,1683936034615,True,True
61230285,0.99960000,65.00000000,64.97400000,1683936035966,False,True
61230286,0.99960000,1442.00000000,1441.42320000,1683936037390,False,True
61230287,0.99960000,2211.00000000,2210.11560000,1683936037808,False,True
61230288,0.99960000,192.00000000,191.92320000,1683936038177,False,True
61230289,0.99960000,13.00000000,12.99480000,1683936039405,False,True
61230290,0.99960000,5002.00000000,4999.99920000,1683936039566,False,True
61230291,0.99950000,44.00000000,43.97800000,1683936040575,True,True
61230292,0.99950000,27.00000000,26.98650000,1683936041643,True,True
61230293,0.99950000,350.00000000,349.82500000,1683936047677,True,True
61230294,0.99960000,9999.00000000,9995.00040000,1683936048930,False,True
61230295,0.99960000,4982.00000000,4980.00720000,1683936050263,False,True
61230296,0.99950000,523.00000000,522.73850000,1683936054939,True,True
61230297,0.99960000,180.00000000,179.92800000,1683936055466,False,True
61230298,0.99960000,30.00000000,29.98800000,1683936056421,False,True
61230299,0.99960000,59.00000000,58.97640000,1683936056901,False,True
61230300,0.99960000,13.00000000,12.99480000,1683936057395,False,True
61230301,0.99950000,17.00000000,16.99150000,1683936058400,True,True
61230302,0.99960000,582.00000000,581.76720000,1683936060531,False,True
61230303,0.99950000,1736.00000000,1735.13200000,1683936062729,True,True
61230304,0.99950000,195.00000000,194.90250000,1683936063962,True,True
61230305,0.99950000,32.00000000,31.98400000,1683936076767,True,True
61230306,0.99960000,114.00000000,113.95440000,1683936078828,False,True
61230307,0.99950000,865.00000000,864.56750000,1683936080713,True,True
61230308,0.99950000,251.00000000,250.87450000,1683936084818,True,True
61230309,0.99950000,3198.00000000,3196.40100000,1683936086755,True,True
61230310,0.99950000,953.00000000,952.52350000,1683936087195,True,True
61230311,0.99950000,139.00000000,138.93050000,1683936089850,True,True
61230312,0.99950000,16.00000000,15.99200000,1683936093805,True,True
61230313,0.99960000,16.00000000,15.99360000,1683936094036,False,True
61230314,0.99960000,4987.00000000,4985.00520000,1683936097961,False,True
61230315,0.99960000,53.00000000,52.97880000,1683936103804,False,True
61230316,0.99950000,1018.00000000,1017.49100000,1683936104129,True,True
61230317,0.99950000,37.00000000,36.98150000,1683936110049,True,True
61230318,0.99950000,15.00000000,14.99250000,1683936112057,True,True
61230319,0.99950000,20.00000000,19.99000000,1683936116939,True,True
61230320,0.99950000,100.00000000,99.95000000,1683936118761,True,True
61230321,0.99960000,2000.00000000,1999.20000000,1683936122778,False,True
61230322,0.99950000,933.00000000,932.53350000,1683936123050,True,True
61230323,0.99960000,84.00000000,83.96640000,1683936129908,False,True
61230324,0.99950000,101.00000000,100.94950000,1683936133161,True,True
61230325,0.99950000,11.00000000,10.99450000,1683936137006,True,True
61230326,0.99950000,23.00000000,22.98850000,1683936138100,True,True
61230327,0.99960000,3804.00000000,3802.47840000,1683936139401,False,True
61230328,0.99950000,617.00000000,616.69150000,1683936141442,True,True
61230329,0.99950000,20.00000000,19.99000000,1683936143929,True,True
61230330,0.99960000,35.00000000,34.98600000,1683936147192,False,True
61230331,0.99950000,617.00000000,616.69150000,1683936150727,True,True
61230332,0.99950000,191.00000000,190.90450000,1683936152264,True,True
61230333,0.99950000,29.00000000,28.98550000,1683936155305,True,True
61230334,0.99960000,17.00000000,16.99320000,1683936156403,False,True
61230335,0.99950000,11.00000000,10.99450000,1683936160045,True,True
61230336,0.99960000,50.00000000,49.98000000,1683936161173,False,True
61230337,0.99960000,77.00000000,76.96920000,1683936166385,False,True
61230338,0.99950000,20.00000000,19.99000000,1683936167574,True,True
61230339,0.99950000,139.00000000,138.93050000,1683936169095,True,True
61230340,0.99960000,50.00000000,49.98000000,1683936171054,False,True
61230341,0.99950000,21.00000000,20.98950000,1683936173040,True,True
61230342,0.99950000,81.00000000,80.95950000,1683936174117,True,True
61230343,0.99960000,44.00000000,43.98240000,1683936180198,False,True
61230344,0.99960000,14.00000000,13.99440000,1683936181550,False,True
61230345,0.99960000,18.00000000,17.99280000,1683936186116,False,True
61230346,0.99950000,171.00000000,170.91450000,1683936186821,True,True
61230347,0.99950000,183.00000000,182.90850000,1683936188702,True,True
61230348,0.99960000,20.00000000,19.99200000,1683936189400,False,True
61230349,0.99950000,19.00000000,18.99050000,1683936194228,True,True
61230350,0.99950000,42.00000000,41.97900000,1683936195219,True,True
61230351,0.99950000,16.00000000,15.99200000,1683936195837,True,True
61230352,0.99950000,25.00000000,24.98750000,1683936196462,True,True
61230353,0.99960000,15.00000000,14.99400000,1683936200747,False,True
61230354,0.99950000,211.00000000,210.89450000,1683936202586,True,True
61230355,0.99960000,40.00000000,39.98400000,1683936202799,False,True
61230356,0.99950000,16.00000000,15.99200000,1683936204861,True,True
61230357,0.99960000,53.00000000,52.97880000,1683936206399,False,True
61230358,0.99950000,42.00000000,41.97900000,1683936206483,True,True
61230359,0.99960000,25.00000000,24.99000000,1683936207399,False,True
61230360,0.99950000,23.00000000,22.98850000,1683936212515,True,True
61230361,0.99950000,22.00000000,21.98900000,1683936215215,True,True
61230362,0.99960000,1927.00000000,1926.22920000,1683936223212,False,True
61230363,0.99960000,11.00000000,10.99560000,1683936223311,False,True
61230364,0.99950000,51.00000000,50.97450000,1683936228000,True,True
61230365,0.99950000,14.00000000,13.99300000,1683936234140,True,True
61230366,0.99960000,17.00000000,16.99320000,1683936247672,False,True
61230367,0.99950000,988.00000000,987.50600000,1683936249519,True,True
61230368,0.99950000,83.00000000,82.95850000,1683936249839,True,True
61230369,0.99950000,24.00000000,23.98800000,1683936249971,True,True
61230370,0.99960000,240.00000000,239.90400000,1683936251367,False,True
61230371,0.99950000,57.00000000,56.97150000,1683936251636,True,True
61230372,0.99950000,240.00000000,239.88000000,1683936256598,True,True
61230373,0.99950000,60.00000000,59.97000000,1683936261369,True,True
61230374,0.99960000,240.00000000,239.90400000,1683936263160,False,True
61230375,0.99950000,33.00000000,32.98350000,1683936267842,True,True
61230376,0.99950000,64.00000000,63.96800000,1683936269758,True,True
61230377,0.99950000,13.00000000,12.99350000,1683936271065,True,True
61230378,0.99960000,437.00000000,436.82520000,1683936271554,False,True
61230379,0.99960000,32.00000000,31.98720000,1683936272766,False,True
61230380,0.99950000,240.00000000,239.88000000,1683936273211,True,True
61230381,0.99950000,97.00000000,96.95150000,1683936275282,True,True
61230382,0.99950000,16.00000000,15.99200000,1683936276844,True,True
61230383,0.99960000,240.00000000,239.90400000,1683936279197,False,True
61230384,0.99960000,123.00000000,122.95080000,1683936281793,False,True
61230385,0.99950000,84.00000000,83.95800000,1683936282277,True,True
61230386,0.99960000,23.00000000,22.99080000,1683936282390,False,True
61230387,0.99950000,240.00000000,239.88000000,1683936284786,True,True
61230388,0.99950000,1683.00000000,1682.15850000,1683936285096,True,True
61230389,0.99950000,16.00000000,15.99200000,1683936285877,True,True
61230390,0.99960000,101.00000000,100.95960000,1683936291948,False,True
61230391,0.99950000,49.00000000,48.97550000,1683936293914,True,True
61230392,0.99960000,121.00000000,120.95160000,1683936295808,False,True
61230393,0.99960000,240.00000000,239.90400000,1683936296571,False,True
61230394,0.99960000,16.00000000,15.99360000,1683936298609,False,True
61230395,0.99960000,30.00000000,29.98800000,1683936299793,False,True
61230396,0.99950000,85.00000000,84.95750000,1683936299948,True,True
61230397,0.99950000,53.00000000,52.97350000,1683936302124,True,True
61230398,0.99950000,240.00000000,239.88000000,1683936303709,True,True
61230399,0.99950000,12.00000000,11.99400000,1683936305681,True,True
61230400,0.99960000,25.00000000,24.99000000,1683936306774,False,True
61230401,0.99960000,16.00000000,15.99360000,1683936310391,False,True
61230402,0.99950000,183.00000000,182.90850000,1683936314448,True,True
61230403,0.99960000,108.00000000,107.95680000,1683936315716,False,True
61230404,0.99950000,45.00000000,44.97750000,1683936318278,True,True
61230405,0.99950000,213.00000000,212.89350000,1683936321590,True,True
61230406,0.99960000,14.00000000,13.99440000,1683936322389,False,True
61230407,0.99950000,73.00000000,72.96350000,1683936324872,True,True
61230408,0.99950000,85.00000000,84.95750000,1683936325823,True,True
61230409,0.99950000,41.00000000,40.97950000,1683936330386,True,True
61230410,0.99950000,17.00000000,16.99150000,1683936332653,True,True
61230411,0.99950000,16.00000000,15.99200000,1683936333872,True,True
61230412,0.99960000,13.00000000,12.99480000,1683936334396,False,True
61230413,0.99950000,2411.00000000,2409.79450000,1683936335378,True,True
61230414,0.99950000,150.00000000,149.92500000,1683936338329,True,True
61230415,0.99950000,16.00000000,15.99200000,1683936342884,True,True
61230416,0.99950000,18.00000000,17.99100000,1683936344391,True,True
61230417,0.99950000,75.00000000,74.96250000,1683936345782,True,True
61230418,0.99950000,1673.00000000,1672.16350000,1683936347982,True,True
61230419,0.99950000,1254.00000000,1253.37300000,1683936348078,True,True
61230420,0.99950000,149.00000000,148.92550000,1683936351102,True,True
61230421,0.99960000,607.00000000,606.75720000,1683936351622,False,True
61230422,0.99950000,16.00000000,15.99200000,1683936351916,True,True
61230423,0.99950000,568.00000000,567.71600000,1683936352534,True,True
61230424,0.99950000,82.00000000,81.95900000,1683936352550,True,True
61230425,0.99960000,221.00000000,220.91160000,1683936352956,False,True
61230426,0.99960000,240.00000000,239.90400000,1683936354016,False,True
61230427,0.99950000,2620.00000000,2618.69000000,1683936355271,True,True
61230428,0.99950000,240.00000000,239.88000000,1683936359065,True,True
61230429,0.99950000,16.00000000,15.99200000,1683936360391,True,True
61230430,0.99950000,207.00000000,206.89650000,1683936362812,True,True
61230431,0.99950000,177.00000000,176.91150000,1683936363360,True,True
61230432,0.99950000,177.00000000,176.91150000,1683936363360,True,True
61230433,0.99950000,177.00000000,176.91150000,1683936363360,True,True
61230434,0.99950000,177.00000000,176.91150000,1683936363360,True,True
61230435,0.99950000,177.00000000,176.91150000,1683936363360,True,True
61230436,0.99950000,22.00000000,21.98900000,1683936363991,True,True
61230437,0.99960000,94.00000000,93.96240000,1683936364397,False,True
61230438,0.99950000,149.00000000,148.92550000,1683936364704,True,True
61230439,0.99950000,23.00000000,22.98850000,1683936364733,True,True
61230440,0.99950000,2408.00000000,2406.79600000,1683936367446,True,True
61230441,0.99950000,11568.00000000,11562.21600000,1683936368392,True,True
61230442,0.99960000,1182.00000000,1181.52720000,1683936368448,False,True
61230443,0.99950000,469.00000000,468.76550000,1683936371557,True,True
61230444,0.99960000,2000.00000000,1999.20000000,1683936372042,False,True
61230445,0.99950000,1339.00000000,1338.33050000,1683936372822,True,True
61230446,0.99950000,16.00000000,15.99200000,1683936372900,True,True
61230447,0.99960000,2000.00000000,1999.20000000,1683936374828,False,True
61230448,0.99960000,36.00000000,35.98560000,1683936374940,False,True
61230449,0.99960000,20.00000000,19.99200000,1683936377395,False,True
61230450,0.99960000,41.00000000,40.98360000,1683936377600,False,True
61230451,0.99960000,347.00000000,346.86120000,1683936377777,False,True
61230452,0.99950000,49.00000000,48.97550000,1683936378903,True,True
61230453,0.99950000,61.00000000,60.96950000,1683936381288,True,True
61230454,0.99960000,99.00000000,98.96040000,1683936381859,False,True
61230455,0.99950000,16.00000000,15.99200000,1683936381891,True,True
61230456,0.99950000,46.00000000,45.97700000,1683936382165,True,True
61230457,0.99950000,1000.00000000,999.50000000,1683936384660,True,True
61230458,0.99950000,16.00000000,15.99200000,1683936390879,True,True
61230459,0.99950000,21.00000000,20.98950000,1683936391113,True,True
61230460,0.99950000,35.00000000,34.98250000,1683936395075,True,True
61230461,0.99950000,16.00000000,15.99200000,1683936399888,True,True
61230462,0.99960000,194.00000000,193.92240000,1683936401950,False,True
61230463,0.99960000,14.00000000,13.99440000,1683936406207,False,True
61230464,0.99950000,23919.00000000,23907.04050000,1683936407396,True,True
61230465,0.99950000,16.00000000,15.99200000,1683936408884,True,True
61230466,0.99950000,500.00000000,499.75000000,1683936409907,True,True
61230467,0.99950000,21.00000000,20.98950000,1683936410623,True,True
61230468,0.99950000,62.00000000,61.96900000,1683936413268,True,True
61230469,0.99960000,14.00000000,13.99440000,1683936419399,False,True
61230470,0.99950000,13.00000000,12.99350000,1683936421280,True,True
61230471,0.99950000,28.00000000,27.98600000,1683936423002,True,True
61230472,0.99950000,192.00000000,191.90400000,1683936425642,True,True
61230473,0.99950000,505.00000000,504.74750000,1683936426390,True,True
61230474,0.99950000,149.00000000,148.92550000,1683936428431,True,True
61230475,0.99950000,38.00000000,37.98100000,1683936429893,True,True
61230476,0.99960000,93.00000000,92.96280000,1683936434008,False,True
61230477,0.99960000,17.00000000,16.99320000,1683936437185,False,True
61230478,0.99950000,172.00000000,171.91400000,1683936441129,True,True
61230479,0.99960000,482.00000000,481.80720000,1683936444375,False,True
61230480,0.99960000,22.00000000,21.99120000,1683936445643,False,True
61230481,0.99950000,14.00000000,13.99300000,1683936447185,True,True
61230482,0.99950000,240.00000000,239.88000000,1683936448168,True,True
61230483,0.99950000,24.00000000,23.98800000,1683936449388,True,True
61230484,0.99950000,28.00000000,27.98600000,1683936453634,True,True
61230485,0.99960000,19.00000000,18.99240000,1683936455394,False,True
61230486,0.99950000,268.00000000,267.86600000,1683936457142,True,True
61230487,0.99950000,419.00000000,418.79050000,1683936458145,True,True
61230488,0.99960000,15.00000000,14.99400000,1683936460411,False,True
61230489,0.99950000,16.00000000,15.99200000,1683936463210,True,True
61230490,0.99960000,56.00000000,55.97760000,1683936463895,False,True
61230491,0.99960000,100.00000000,99.96000000,1683936466394,False,True
61230492,0.99960000,5076.00000000,5073.96960000,1683936470227,False,True
61230493,0.99950000,3331.00000000,3329.33450000,1683936470962,True,True
61230494,0.99960000,132.00000000,131.94720000,1683936472030,False,True
61230495,0.99960000,18.00000000,17.99280000,1683936475520,False,True
61230496,0.99950000,105.00000000,104.94750000,1683936478739,True,True
61230497,0.99950000,111.00000000,110.94450000,1683936489897,True,True
61230498,0.99950000,16.00000000,15.99200000,1683936498962,True,True
61230499,0.99950000,203.00000000,202.89850000,1683936503351,True,True
61230500,0.99950000,98.00000000,97.95100000,1683936506643,True,True
61230501,0.99960000,16.00000000,15.99360000,1683936509780,False,True
61230502,0.99960000,14.00000000,13.99440000,1683936509822,False,True
61230503,0.99950000,110.00000000,109.94500000,1683936515948,True,True
61230504,0.99960000,65.00000000,64.97400000,1683936518857,False,True
61230505,0.99960000,16.00000000,15.99360000,1683936519893,False,True
61230506,0.99950000,2658.00000000,2656.67100000,1683936523280,True,True
61230507,0.99950000,206.00000000,205.89700000,1683936525221,True,True
61230508,0.99960000,22.00000000,21.99120000,1683936525634,False,True
61230509,0.99950000,41.00000000,40.97950000,1683936533869,True,True
61230510,0.99950000,18.00000000,17.99100000,1683936535348,True,True
61230511,0.99950000,100.00000000,99.95000000,1683936536824,True,True
61230512,0.99950000,14.00000000,13.99300000,1683936539858,True,True
61230513,0.99950000,14.00000000,13.99300000,1683936541800,True,True
61230514,0.99960000,21.00000000,20.99160000,1683936542939,False,True
61230515,0.99950000,87.00000000,86.95650000,1683936544393,True,True
61230516,0.99950000,693.00000000,692.65350000,1683936545377,True,True
61230517,0.99950000,50.00000000,49.97500000,1683936546947,True,True
61230518,0.99960000,11.00000000,10.99560000,1683936548763,False,True
61230519,0.99950000,94.00000000,93.95300000,1683936549904,True,True
61230520,0.99950000,249.00000000,248.87550000,1683936550429,True,True
61230521,0.99950000,21.00000000,20.98950000,1683936554088,True,True
61230522,0.99960000,81.00000000,80.96760000,1683936556387,False,True
61230523,0.99960000,24.00000000,23.99040000,1683936556408,False,True
61230524,0.99950000,16.00000000,15.99200000,1683936558914,True,True
61230525,0.99960000,62.00000000,61.97520000,1683936562129,False,True
61230526,0.99960000,326.00000000,325.86960000,1683936563021,False,True
61230527,0.99960000,330.00000000,329.86800000,1683936564221,False,True
61230528,0.99950000,16.00000000,15.99200000,1683936567929,True,True
61230529,0.99950000,14.00000000,13.99300000,1683936571431,True,True
61230530,0.99950000,29.00000000,28.98550000,1683936575941,True,True
61230531,0.99950000,34.00000000,33.98300000,1683936580388,True,True
61230532,0.99950000,150.00000000,149.92500000,1683936583382,True,True
61230533,0.99960000,20.00000000,19.99200000,1683936584038,False,True
61230534,0.99950000,62.00000000,61.96900000,1683936587160,True,True
61230535,0.99960000,113.00000000,112.95480000,1683936587381,False,True
61230536,0.99950000,44.00000000,43.97800000,1683936591912,True,True
61230537,0.99950000,1804.00000000,1803.09800000,1683936593411,True,True
61230538,0.99950000,234.00000000,233.88300000,1683936594701,True,True
61230539,0.99950000,100.00000000,99.95000000,1683936594809,True,True
61230540,0.99950000,181.00000000,180.90950000,1683936596984,True,True
61230541,0.99950000,54.00000000,53.97300000,1683936597357,True,True
61230542,0.99960000,104.00000000,103.95840000,1683936597565,False,True
61230543,0.99950000,13.00000000,12.99350000,1683936598138,True,True
61230544,0.99960000,15.00000000,14.99400000,1683936601394,False,True
61230545,0.99950000,198.00000000,197.90100000,1683936602676,True,True
61230546,0.99950000,18.00000000,17.99100000,1683936603033,True,True
61230547,0.99950000,653.00000000,652.67350000,1683936603191,True,True
61230548,0.99950000,197.00000000,196.90150000,1683936605009,True,True
61230549,0.99950000,314.00000000,313.84300000,1683936605534,True,True
61230550,0.99950000,438.00000000,437.78100000,1683936607454,True,True
61230551,0.99950000,261.00000000,260.86950000,1683936607457,True,True
61230552,0.99950000,33.00000000,32.98350000,1683936609908,True,True
61230553,0.99950000,1678.00000000,1677.16100000,1683936610393,True,True
61230554,0.99960000,164.00000000,163.93440000,1683936612088,False,True
61230555,0.99960000,104.00000000,103.95840000,1683936613765,False,True
61230556,0.99950000,287.00000000,286.85650000,1683936613935,True,True
61230557,0.99960000,13.00000000,12.99480000,1683936615395,False,True
61230558,0.99950000,616.00000000,615.69200000,1683936616740,True,True
61230559,0.99950000,815.00000000,814.59250000,1683936619307,True,True
61230560,0.99960000,77.00000000,76.96920000,1683936622126,False,True
61230561,0.99960000,73.00000000,72.97080000,1683936623123,False,True
61230562,0.99950000,19.00000000,18.99050000,1683936627012,True,True
61230563,0.99950000,174.00000000,173.91300000,1683936627383,True,True
61230564,0.99950000,49.00000000,48.97550000,1683936628326,True,True
61230565,0.99960000,31.00000000,30.98760000,1683936630393,False,True
61230566,0.99950000,399.00000000,398.80050000,1683936631404,True,True
61230567,0.99950000,252.00000000,251.87400000,1683936631432,True,True
61230568,0.99960000,221.00000000,220.91160000,1683936632784,False,True
61230569,0.99950000,200.00000000,199.90000000,1683936634081,True,True
61230570,0.99950000,19.00000000,18.99050000,1683936636511,True,True
61230571,0.99950000,73.00000000,72.96350000,1683936639574,True,True
61230572,0.99960000,177.00000000,176.92920000,1683936640304,False,True
61230573,0.99960000,46.00000000,45.98160000,1683936642141,False,True
61230574,0.99960000,61.00000000,60.97560000,1683936644204,False,True
61230575,0.99960000,22.00000000,21.99120000,1683936647295,False,True
61230576,0.99960000,297.00000000,296.88120000,1683936647581,False,True
61230577,0.99950000,332.00000000,331.83400000,1683936647849,True,True
61230578,0.99960000,320.00000000,319.87200000,1683936648157,False,True
61230579,0.99950000,199.00000000,198.90050000,1683936649107,True,True
61230580,0.99950000,631.00000000,630.68450000,1683936649487,True,True
61230581,0.99950000,22.00000000,21.98900000,1683936650463,True,True
61230582,0.99960000,36.00000000,35.98560000,1683936650690,False,True
61230583,0.99960000,42.00000000,41.98320000,1683936650999,False,True
61230584,0.99960000,80.00000000,79.96800000,1683936651800,False,True
61230585,0.99960000,65.00000000,64.97400000,1683936652415,False,True
61230586,0.99950000,16.00000000,15.99200000,1683936653394,True,True
61230587,0.99950000,300.00000000,299.85000000,1683936655497,True,True
61230588,0.99950000,18.00000000,17.99100000,1683936665259,True,True
61230589,0.99950000,100.00000000,99.95000000,1683936666243,True,True
61230590,0.99960000,13.00000000,12.99480000,1683936666258,False,True
61230591,0.99960000,35.00000000,34.98600000,1683936666275,False,True
61230592,0.99960000,15.00000000,14.99400000,1683936667583,False,True
61230593,0.99950000,18.00000000,17.99100000,1683936669072,True,True
61230594,0.99950000,110.00000000,109.94500000,1683936669926,True,True
61230595,0.99950000,508.00000000,507.74600000,1683936670425,True,True
61230596,0.99950000,500.00000000,499.75000000,1683936672884,True,True
61230597,0.99950000,236.00000000,235.88200000,1683936675344,True,True
61230598,0.99960000,65.00000000,64.97400000,1683936676488,False,True
61230599,0.99950000,63.00000000,62.96850000,1683936678393,True,True
61230600,0.99950000,16.00000000,15.99200000,1683936678982,True,True
61230601,0.99950000,267.00000000,266.86650000,1683936683302,True,True
61230602,0.99960000,20.00000000,19.99200000,1683936685189,False,True
61230603,0.99960000,508.00000000,507.79680000,1683936686003,False,True
61230604,0.99960000,97.00000000,96.96120000,1683936686387,False,True
61230605,0.99960000,37.00000000,36.98520000,1683936687286,False,True
61230606,0.99960000,48.00000000,47.98080000,1683936687390,False,True
61230607,0.99960000,11.00000000,10.99560000,1683936688133,False,True
61230608,0.99950000,14.00000000,13.99300000,1683936691433,True,True
61230609,0.99950000,134.00000000,133.93300000,1683936704299,True,True
61230610,0.99950000,29.00000000,28.98550000,1683936706163,True,True
61230611,0.99960000,71.00000000,70.97160000,1683936706748,False,True
61230612,0.99950000,15.00000000,14.99250000,1683936709568,True,True
61230613,0.99950000,93.00000000,92.95350000,1683936712396,True,True
61230614,0.99950000,24.00000000,23.98800000,1683936713449,True,True
61230615,0.99950000,500.00000000,499.75000000,1683936715388,True,True
61230616,0.99960000,49.00000000,48.98040000,1683936717032,False,True
61230617,0.99950000,43.00000000,42.97850000,1683936717884,True,True
61230618,0.99960000,34.00000000,33.98640000,1683936719555,False,True
61230619,0.99950000,1625.00000000,1624.18750000,1683936721367,True,True
61230620,0.99960000,37.00000000,36.98520000,1683936722120,False,True
61230621,0.99960000,149.00000000,148.94040000,1683936722178,False,True
61230622,0.99950000,108.00000000,107.94600000,1683936723272,True,True
61230623,0.99950000,11.00000000,10.99450000,1683936723363,True,True
61230624,0.99960000,637.00000000,636.74520000,1683936725430,False,True
61230625,0.99950000,1830.00000000,1829.08500000,1683936725569,True,True
61230626,0.99960000,606.00000000,605.75760000,1683936726371,False,True
61230627,0.99960000,29.00000000,28.98840000,1683936727361,False,True
61230628,0.99950000,93.00000000,92.95350000,1683936729929,True,True
61230629,0.99950000,53.00000000,52.97350000,1683936735507,True,True
61230630,0.99950000,26.00000000,25.98700000,1683936740369,True,True
61230631,0.99950000,91.00000000,90.95450000,1683936740571,True,True
61230632,0.99950000,27.00000000,26.98650000,1683936743469,True,True
61230633,0.99960000,17.00000000,16.99320000,1683936747392,False,True
61230634,0.99960000,12.00000000,11.99520000,1683936748396,False,True
61230635,0.99960000,22.00000000,21.99120000,1683936749653,False,True
61230636,0.99960000,22.00000000,21.99120000,1683936750606,False,True
61230637,0.99960000,13.00000000,12.99480000,1683936750624,False,True
61230638,0.99950000,56.00000000,55.97200000,1683936751452,True,True
61230639,0.99950000,121.00000000,120.93950000,1683936752396,True,True
61230640,0.99960000,120.00000000,119.95200000,1683936755399,False,True
61230641,0.99960000,15.00000000,14.99400000,1683936755519,False,True
61230642,0.99950000,267.00000000,266.86650000,1683936755639,True,True
61230643,0.99960000,371.00000000,370.85160000,1683936758444,False,True
61230644,0.99960000,167.00000000,166.93320000,1683936759443,False,True
61230645,0.99960000,29.00000000,28.98840000,1683936761819,False,True
61230646,0.99950000,2203.00000000,2201.89850000,1683936763438,True,True
61230647,0.99950000,285.00000000,284.85750000,1683936765476,True,True
61230648,0.99960000,29.00000000,28.98840000,1683936765643,False,True
61230649,0.99960000,29.00000000,28.98840000,1683936769783,False,True
61230650,0.99960000,22.00000000,21.99120000,1683936772084,False,True
61230651,0.99960000,22.00000000,21.99120000,1683936772202,False,True
61230652,0.99950000,48.00000000,47.97600000,1683936772449,True,True
61230653,0.99960000,18.00000000,17.99280000,1683936776395,False,True
61230654,0.99960000,47.00000000,46.98120000,1683936780458,False,True
61230655,0.99960000,20.00000000,19.99200000,1683936782276,False,True
61230656,0.99960000,48.00000000,47.98080000,1683936783176,False,True
61230657,0.99950000,1539.00000000,1538.23050000,1683936783403,True,True
61230658,0.99960000,44.00000000,43.98240000,1683936784797,False,True
61230659,0.99950000,82.00000000,81.95900000,1683936789262,True,True
61230660,0.99950000,16.00000000,15.99200000,1683936791393,True,True
61230661,0.99950000,214.00000000,213.89300000,1683936793664,True,True
61230662,0.99950000,131.00000000,130.93450000,1683936794391,True,True
61230663,0.99960000,38.00000000,37.98480000,1683936797023,False,True
61230664,0.99960000,72.00000000,71.97120000,1683936798398,False,True
61230665,0.99950000,60.00000000,59.97000000,1683936798661,True,True
61230666,0.99960000,37.00000000,36.98520000,1683936804181,False,True
61230667,0.99950000,500.00000000,499.75000000,1683936805462,True,True
61230668,0.99950000,1851.00000000,1850.07450000,1683936807769,True,True
61230669,0.99960000,18.00000000,17.99280000,1683936808216,False,True
61230670,0.99960000,13.00000000,12.99480000,1683936813395,False,True
61230671,0.99960000,54.00000000,53.97840000,1683936816494,False,True
61230672,0.99960000,20.00000000,19.99200000,1683936817685,False,True
61230673,0.99950000,2300.00000000,2298.85000000,1683936818393,True,True
61230674,0.99950000,168.00000000,167.91600000,1683936819932,True,True
61230675,0.99960000,363.00000000,362.85480000,1683936827143,False,True
61230676,0.99950000,180.00000000,179.91000000,1683936828707,True,True
61230677,0.99960000,11.00000000,10.99560000,1683936830682,False,True
61230678,0.99950000,27.00000000,26.98650000,1683936834948,True,True
61230679,0.99960000,16.00000000,15.99360000,1683936837353,False,True
61230680,0.99950000,11.00000000,10.99450000,1683936837705,True,True
61230681,0.99960000,81.00000000,80.96760000,1683936841193,False,True
61230682,0.99950000,246.00000000,245.87700000,1683936841610,True,True
61230683,0.99950000,16.00000000,15.99200000,1683936843938,True,True
61230684,0.99950000,265.00000000,264.86750000,1683936850237,True,True
61230685,0.99950000,19.00000000,18.99050000,1683936850269,True,True
61230686,0.99960000,92.00000000,91.96320000,1683936852180,False,True
61230687,0.99950000,16.00000000,15.99200000,1683936852963,True,True
61230688,0.99950000,4208.00000000,4205.89600000,1683936855637,True,True
61230689,0.99950000,2204.00000000,2202.89800000,1683936855654,True,True
61230690,0.99950000,300.00000000,299.85000000,1683936855947,True,True
61230691,0.99960000,45.00000000,44.98200000,1683936858404,False,True
61230692,0.99950000,200.00000000,199.90000000,1683936859754,True,True
61230693,0.99950000,16.00000000,15.99200000,1683936861993,True,True
61230694,0.99960000,82.00000000,81.96720000,1683936871378,False,True
61230695,0.99950000,373.00000000,372.81350000,1683936872873,True,True
61230696,0.99960000,39.00000000,38.98440000,1683936874337,False,True
61230697,0.99960000,45.00000000,44.98200000,1683936875399,False,True
61230698,0.99960000,66.00000000,65.97360000,1683936877942,False,True
61230699,0.99960000,23.00000000,22.99080000,1683936882073,False,True
61230700,0.99950000,32.00000000,31.98400000,1683936882397,True,True
61230701,0.99950000,26.00000000,25.98700000,1683936883394,True,True
61230702,0.99950000,61.00000000,60.96950000,1683936885099,True,True
61230703,0.99950000,14.00000000,13.99300000,1683936888392,True,True
61230704,0.99960000,39.00000000,38.98440000,1683936892350,False,True
61230705,0.99950000,68.00000000,67.96600000,1683936894338,True,True
61230706,0.99960000,80.00000000,79.96800000,1683936899620,False,True
61230707,0.99950000,95.00000000,94.95250000,1683936901650,True,True
61230708,0.99950000,147.00000000,146.92650000,1683936902353,True,True
61230709,0.99950000,494.00000000,493.75300000,1683936902439,True,True
61230710,0.99950000,6943.00000000,6939.52850000,1683936902535,True,True
61230711,0.99950000,17.00000000,16.99150000,1683936903097,True,True
61230712,0.99950000,171.00000000,170.91450000,1683936904476,True,True
61230713,0.99950000,223.00000000,222.88850000,1683936906398,True,True
61230714,0.99950000,1912.00000000,1911.04400000,1683936907551,True,True
61230715,0.99950000,2848.00000000,2846.57600000,1683936910479,True,True
61230716,0.99960000,19.00000000,18.99240000,1683936914241,False,True
61230717,0.99960000,22.00000000,21.99120000,1683936916913,False,True
61230718,0.99960000,39.00000000,38.98440000,1683936921042,False,True
61230719,0.99960000,154.00000000,153.93840000,1683936921133,False,True
61230720,0.99950000,73.00000000,72.96350000,1683936924141,True,True
61230721,0.99950000,1095.00000000,1094.45250000,1683936925570,True,True
61230722,0.99960000,94.00000000,93.96240000,1683936930249,False,True
61230723,0.99960000,35.00000000,34.98600000,1683936931191,False,True
61230724,0.99950000,121.00000000,120.93950000,1683936934560,True,True
61230725,0.99950000,50.00000000,49.97500000,1683936936390,True,True
61230726,0.99950000,412.00000000,411.79400000,1683936943500,True,True
61230727,0.99950000,200.00000000,199.90000000,1683936945095,True,True
61230728,0.99950000,69.00000000,68.96550000,1683936955453,True,True
61230729,0.99950000,529.00000000,528.73550000,1683936956629,True,True
61230730,0.99950000,300.00000000,299.85000000,1683936957847,True,True
61230731,0.99960000,24.00000000,23.99040000,1683936960597,False,True
61230732,0.99960000,400122.00000000,399961.95120000,1683936962908,False,True
61230733,0.99960000,15.00000000,14.99400000,1683936969462,False,True
61230734,0.99950000,215.00000000,214.89250000,1683936978956,True,True
61230735,0.99960000,102.00000000,101.95920000,1683936982568,False,True
61230736,0.99960000,28.00000000,27.98880000,1683936982662,False,True
61230737,0.99960000,398.00000000,397.84080000,1683936984680,False,True
61230738,0.99960000,37.00000000,36.98520000,1683936984782,False,True
61230739,0.99950000,2261.00000000,2259.86950000,1683936985453,True,True
61230740,0.99950000,316.00000000,315.84200000,1683936985747,True,True
61230741,0.99950000,472.00000000,471.76400000,1683936985756,True,True
61230742,0.99950000,2000.00000000,1999.00000000,1683936986113,True,True
61230743,0.99950000,16.00000000,15.99200000,1683936987950,True,True
61230744,0.99950000,646.00000000,645.67700000,1683936989423,True,True
61230745,0.99950000,211.00000000,210.89450000,1683936992307,True,True
61230746,0.99950000,29.00000000,28.98550000,1683936994655,True,True
61230747,0.99950000,16.00000000,15.99200000,1683936996952,True,True
61230748,0.99950000,450.00000000,449.77500000,1683936999398,True,True
61230749,0.99950000,1658.00000000,1657.17100000,1683937002394,True,True
61230750,0.99950000,2000.00000000,1999.00000000,1683937002459,True,True
61230751,0.99950000,28.00000000,27.98600000,1683937003109,True,True
61230752,0.99950000,36.00000000,35.98200000,1683937004958,True,True
61230753,0.99950000,76.00000000,75.96200000,1683937005395,True,True
61230754,0.99950000,16.00000000,15.99200000,1683937005960,True,True
61230755,0.99950000,3800.00000000,3798.10000000,1683937006292,True,True
61230756,0.99950000,60.00000000,59.97000000,1683937009759,True,True
61230757,0.99960000,50.00000000,49.98000000,1683937013846,False,True
61230758,0.99950000,16.00000000,15.99200000,1683937014953,True,True
61230759,0.99950000,2000.00000000,1999.00000000,1683937015811,True,True
61230760,0.99960000,12.00000000,11.99520000,1683937016926,False,True
61230761,0.99950000,1005.00000000,1004.49750000,1683937019564,True,True
61230762,0.99950000,2210.00000000,2208.89500000,1683937023498,True,True
61230763,0.99960000,123.00000000,122.95080000,1683937025815,False,True
61230764,0.99960000,57.00000000,56.97720000,1683937026830,False,True
61230765,0.99960000,91.00000000,90.96360000,1683937029821,False,True
61230766,0.99960000,25.00000000,24.99000000,1683937033749,False,True
61230767,0.99950000,158.00000000,157.92100000,1683937047396,True,True
61230768,0.99950000,201.00000000,200.89950000,1683937049392,True,True
61230769,0.99950000,5403.00000000,5400.29850000,1683937051931,True,True
61230770,0.99950000,22.00000000,21.98900000,1683937051988,True,True
61230771,0.99950000,201.00000000,200.89950000,1683937052396,True,True
61230772,0.99950000,201.00000000,200.89950000,1683937053396,True,True
61230773,0.99950000,201.00000000,200.89950000,1683937056395,True,True
61230774,0.99950000,201.00000000,200.89950000,1683937059405,True,True
61230775,0.99960000,18.00000000,17.99280000,1683937061023,False,True
61230776,0.99950000,36.00000000,35.98200000,1683937063265,True,True
61230777,0.99950000,400.00000000,399.80000000,1683937063990,True,True
61230778,0.99950000,20.00000000,19.99000000,1683937064155,True,True
61230779,0.99950000,99.00000000,98.95050000,1683937068200,True,True
61230780,0.99960000,57.00000000,56.97720000,1683937073020,False,True
61230781,0.99960000,230.00000000,229.90800000,1683937077256,False,True
61230782,0.99960000,19.00000000,18.99240000,1683937078836,False,True
61230783,0.99960000,108.00000000,107.95680000,1683937079258,False,True
61230784,0.99960000,107.00000000,106.95720000,1683937081243,False,True
61230785,0.99960000,141.00000000,140.94360000,1683937081298,False,True
61230786,0.99950000,61.00000000,60.96950000,1683937081402,True,True
61230787,0.99950000,2000.00000000,1999.00000000,1683937082511,True,True
61230788,0.99960000,80.00000000,79.96800000,1683937087169,False,True
61230789,0.99950000,2202.00000000,2200.89900000,1683937087414,True,True
61230790,0.99960000,61.00000000,60.97560000,1683937092285,False,True
61230791,0.99960000,50.00000000,49.98000000,1683937093097,False,True
61230792,0.99960000,54.00000000,53.97840000,1683937093408,False,True
61230793,0.99960000,67.00000000,66.97320000,1683937094093,False,True
61230794,0.99960000,50.00000000,49.98000000,1683937094285,False,True
61230795,0.99950000,126.00000000,125.93700000,1683937097038,True,True
61230796,0.99950000,75.00000000,74.96250000,1683937101157,True,True
61230797,0.99960000,3002.00000000,3000.79920000,1683937102891,False,True
61230798,0.99960000,433.00000000,432.82680000,1683937112269,False,True
61230799,0.99950000,60.00000000,59.97000000,1683937115453,True,True
61230800,0.99960000,12.00000000,11.99520000,1683937119138,False,True
61230801,0.99950000,35.00000000,34.98250000,1683937123309,True,True
61230802,0.99960000,74.00000000,73.97040000,1683937126311,False,True
61230803,0.99960000,96.00000000,95.96160000,1683937128094,False,True
61230804,0.99950000,59.00000000,58.97050000,1683937129400,True,True
61230805,0.99960000,21.00000000,20.99160000,1683937133246,False,True
61230806,0.99950000,12.00000000,11.99400000,1683937136366,True,True
61230807,0.99950000,3804.00000000,3802.09800000,1683937137443,True,True
61230808,0.99950000,49.00000000,48.97550000,1683937137479,True,True
61230809,0.99960000,274.00000000,273.89040000,1683937139512,False,True
61230810,0.99950000,15.00000000,14.99250000,1683937140401,True,True
61230811,0.99960000,11.00000000,10.99560000,1683937141055,False,True
61230812,0.99960000,103.00000000,102.95880000,1683937141072,False,True
61230813,0.99950000,215.00000000,214.89250000,1683937141441,True,True
61230814,0.99950000,2043.00000000,2041.97850000,1683937162417,True,True
61230815,0.99950000,90.00000000,89.95500000,1683937162419,True,True
61230816,0.99950000,19.00000000,18.99050000,1683937170356,True,True
61230817,0.99950000,1924.00000000,1923.03800000,1683937170403,True,True
61230818,0.99950000,1120.00000000,1119.44000000,1683937171367,True,True
61230819,0.99950000,2168.00000000,2166.91600000,1683937171367,True,True
61230820,0.99950000,565.00000000,564.71750000,1683937178538,True,True
61230821,0.99950000,228.00000000,227.88600000,1683937183402,True,True
61230822,0.99950000,3343.00000000,3341.32850000,1683937183913,True,True
61230823,0.99960000,12.00000000,11.99520000,1683937188395,False,True
61230824,0.99960000,250.00000000,249.90000000,1683937189776,False,True
61230825,0.99960000,119.00000000,118.95240000,1683937190399,False,True
61230826,0.99960000,5969.00000000,5966.61240000,1683937191398,False,True
61230827,0.99960000,104.00000000,103.95840000,1683937191659,False,True
61230828,0.99950000,5749.00000000,5746.12550000,1683937192397,True,True
61230829,0.99950000,15.00000000,14.99250000,1683937193392,True,True
61230830,0.99950000,35.00000000,34.98250000,1683937193548,True,True
61230831,0.99950000,36.00000000,35.98200000,1683937195457,True,True
61230832,0.99950000,432.00000000,431.78400000,1683937196395,True,True
61230833,0.99960000,18.00000000,17.99280000,1683937203413,False,True
61230834,0.99950000,350.00000000,349.82500000,1683937203980,True,True
61230835,0.99950000,149.00000000,148.92550000,1683937204190,True,True
61230836,0.99950000,622.00000000,621.68900000,1683937204199,True,True
61230837,0.99950000,215.00000000,214.89250000,1683937207738,True,True
61230838,0.99950000,25.00000000,24.98750000,1683937208494,True,True
61230839,0.99950000,55.00000000,54.97250000,1683937210399,True,True
61230840,0.99950000,16.00000000,15.99200000,1683937212986,True,True
61230841,0.99950000,25.00000000,24.98750000,1683937213402,True,True
61230842,0.99950000,4201.00000000,4198.89950000,1683937213536,True,True
61230843,0.99950000,37.00000000,36.98150000,1683937213762,True,True
61230844,0.99950000,5402.00000000,5399.29900000,1683937215329,True,True
61230845,0.99950000,14.00000000,13.99300000,1683937217406,True,True
61230846,0.99950000,35.00000000,34.98250000,1683937221542,True,True
61230847,0.99950000,16.00000000,15.99200000,1683937221975,True,True
61230848,0.99950000,593.00000000,592.70350000,1683937227654,True,True
61230849,0.99950000,594.00000000,593.70300000,1683937227680,True,True
61230850,0.99950000,594.00000000,593.70300000,1683937227704,True,True
61230851,0.99950000,595.00000000,594.70250000,1683937227738,True,True
61230852,0.99950000,989.00000000,988.50550000,1683937227757,True,True
61230853,0.99950000,359.00000000,358.82050000,1683937227782,True,True
61230854,0.99950000,593.00000000,592.70350000,1683937228160,True,True
61230855,0.99950000,989.00000000,988.50550000,1683937228185,True,True
61230856,0.99950000,1670.00000000,1669.16500000,1683937228277,True,True
61230857,0.99950000,989.00000000,988.50550000,1683937228303,True,True
61230858,0.99950000,595.00000000,594.70250000,1683937228335,True,True
61230859,0.99950000,264.00000000,263.86800000,1683937228355,True,True
61230860,0.99950000,5059.00000000,5056.47050000,1683937228404,True,True
61230861,0.99950000,1687.00000000,1686.15650000,1683937228588,True,True
61230862,0.99950000,47.00000000,46.97650000,1683937228649,True,True
61230863,0.99950000,668.00000000,667.66600000,1683937228708,True,True
61230864,0.99950000,251.00000000,250.87450000,1683937230075,True,True
61230865,0.99950000,16.00000000,15.99200000,1683937230977,True,True
61230866,0.99950000,26.00000000,25.98700000,1683937233535,True,True
61230867,0.99960000,700.00000000,699.72000000,1683937235296,False,True
61230868,0.99960000,5005.00000000,5002.99800000,1683937238395,False,True
61230869,0.99950000,174.00000000,173.91300000,1683937238614,True,True
61230870,0.99950000,1814.00000000,1813.09300000,1683937239090,True,True
61230871,0.99950000,55.00000000,54.97250000,1683937239482,True,True
61230872,0.99960000,119.00000000,118.95240000,1683937240373,False,True
61230873,0.99950000,22.00000000,21.98900000,1683937241486,True,True
61230874,0.99950000,29.00000000,28.98550000,1683937242331,True,True
61230875,0.99950000,46.00000000,45.97700000,1683937242588,True,True
61230876,0.99950000,22.00000000,21.98900000,1683937242973,True,True
61230877,0.99950000,9614.00000000,9609.19300000,1683937243131,True,True
61230878,0.99950000,1698.00000000,1697.15100000,1683937243187,True,True
61230879,0.99950000,4403.00000000,4400.79850000,1683937243261,True,True
61230880,0.99950000,1637.00000000,1636.18150000,1683937243267,True,True
61230881,0.99950000,52.00000000,51.97400000,1683937243490,True,True
61230882,0.99950000,13.00000000,12.99350000,1683937243753,True,True
61230883,0.99960000,97.00000000,96.96120000,1683937243882,False,True
61230884,0.99950000,83.00000000,82.95850000,1683937244024,True,True
61230885,0.99950000,1427.00000000,1426.28650000,1683937244049,True,True
61230886,0.99950000,229.00000000,228.88550000,1683937244097,True,True
61230887,0.99950000,211.00000000,210.89450000,1683937244190,True,True
61230888,0.99950000,501.00000000,500.74950000,1683937244651,True,True
61230889,0.99960000,31.00000000,30.98760000,1683937244777,False,True
61230890,0.99950000,5405.00000000,5402.29750000,1683937245435,True,True
61230891,0.99950000,1339.00000000,1338.33050000,1683937245613,True,True
61230892,0.99950000,546.00000000,545.72700000,1683937245722,True,True
61230893,0.99950000,313.00000000,312.84350000,1683937246083,True,True
61230894,0.99950000,146.00000000,145.92700000,1683937246227,True,True
61230895,0.99960000,20.00000000,19.99200000,1683937246258,False,True
61230896,0.99950000,248.00000000,247.87600000,1683937246538,True,True
61230897,0.99960000,31.00000000,30.98760000,1683937246815,False,True
61230898,0.99950000,15.00000000,14.99250000,1683937247094,True,True
61230899,0.99950000,54.00000000,53.97300000,1683937248064,True,True
61230900,0.99950000,133.00000000,132.93350000,1683937248421,True,True
61230901,0.99950000,149.00000000,148.92550000,1683937248670,True,True
61230902,0.99960000,49.00000000,48.98040000,1683937248692,False,True
61230903,0.99950000,10039.00000000,10033.98050000,1683937248831,True,True
61230904,0.99950000,97.00000000,96.95150000,1683937250410,True,True
61230905,0.99950000,150.00000000,149.92500000,1683937251557,True,True
61230906,0.99950000,16.00000000,15.99200000,1683937251990,True,True
61230907,0.99960000,102.00000000,101.95920000,1683937252020,False,True
61230908,0.99950000,101.00000000,100.94950000,1683937252286,True,True
61230909,0.99950000,14428.00000000,14420.78600000,1683937253466,True,True
61230910,0.99950000,796.00000000,795.60200000,1683937253747,True,True
61230911,0.99950000,2000.00000000,1999.00000000,1683937255605,True,True
61230912,0.99960000,101.00000000,100.95960000,1683937255746,False,True
61230913,0.99960000,432.00000000,431.82720000,1683937256399,False,True
61230914,0.99950000,70.00000000,69.96500000,1683937257292,True,True
61230915,0.99950000,250.00000000,249.87500000,1683937259328,True,True
61230916,0.99950000,36.00000000,35.98200000,1683937259893,True,True
61230917,0.99950000,13.00000000,12.99350000,1683937261115,True,True
61230918,0.99950000,36.00000000,35.98200000,1683937261627,True,True
61230919,0.99960000,48.00000000,47.98080000,1683937262074,False,True
61230920,0.99950000,231.00000000,230.88450000,1683937262637,True,True
61230921,0.99960000,121.00000000,120.95160000,1683937263402,False,True
61230922,0.99950000,2000.00000000,1999.00000000,1683937267086,True,True
61230923,0.99950000,1810.00000000,1809.09500000,1683937267347,True,True
61230924,0.99950000,371.00000000,370.81450000,1683937267378,True,True
61230925,0.99950000,33.00000000,32.98350000,1683937269985,True,True
61230926,0.99950000,98.00000000,97.95100000,1683937270394,True,True
61230927,0.99950000,97.00000000,96.95150000,1683937276692,True,True
61230928,0.99950000,17.00000000,16.99150000,1683937279904,True,True
61230929,0.99950000,12.00000000,11.99400000,1683937282482,True,True
61230930,0.99960000,317.00000000,316.87320000,1683937285397,False,True
61230931,0.99950000,68.00000000,67.96600000,1683937285876,True,True
61230932,0.99950000,14.00000000,13.99300000,1683937286405,True,True
61230933,0.99960000,82.00000000,81.96720000,1683937289909,False,True
61230934,0.99960000,294.00000000,293.88240000,1683937291774,False,True
61230935,0.99950000,3295.00000000,3293.35250000,1683937302018,True,True
61230936,0.99960000,17.00000000,16.99320000,1683937305461,False,True
61230937,0.99960000,16.00000000,15.99360000,1683937306065,False,True
61230938,0.99950000,30.00000000,29.98500000,1683937309166,True,True
61230939,0.99960000,21.00000000,20.99160000,1683937310057,False,True
61230940,0.99960000,18.00000000,17.99280000,1683937312196,False,True
61230941,0.99950000,5899.00000000,5896.05050000,1683937313333,True,True
61230942,0.99950000,1610.00000000,1609.19500000,1683937313495,True,True
61230943,0.99960000,2000.00000000,1999.20000000,1683937317944,False,True
61230944,0.99960000,24.00000000,23.99040000,1683937319397,False,True
61230945,0.99950000,26.00000000,25.98700000,1683937323820,True,True
61230946,0.99950000,22.00000000,21.98900000,1683937326023,True,True
61230947,0.99950000,390.00000000,389.80500000,1683937329949,True,True
61230948,0.99950000,112.00000000,111.94400000,1683937329988,True,True
61230949,0.99950000,16.00000000,15.99200000,1683937338994,True,True
61230950,0.99960000,57.00000000,56.97720000,1683937342286,False,True
61230951,0.99950000,19.00000000,18.99050000,1683937345252,True,True
61230952,0.99960000,29.00000000,28.98840000,1683937350268,False,True
61230953,0.99960000,29.00000000,28.98840000,1683937350520,False,True
61230954,0.99960000,29.00000000,28.98840000,1683937350932,False,True
61230955,0.99950000,27.00000000,26.98650000,1683937351321,True,True
61230956,0.99960000,30.00000000,29.98800000,1683937352768,False,True
61230957,0.99960000,30.00000000,29.98800000,1683937352815,False,True
61230958,0.99960000,30.00000000,29.98800000,1683937354427,False,True
61230959,0.99960000,21.00000000,20.99160000,1683937354609,False,True
61230960,0.99960000,21.00000000,20.99160000,1683937354815,False,True
61230961,0.99950000,48.00000000,47.97600000,1683937356105,True,True
61230962,0.99960000,21.00000000,20.99160000,1683937356973,False,True
61230963,0.99960000,17.00000000,16.99320000,1683937358750,False,True
61230964,0.99960000,17.00000000,16.99320000,1683937358802,False,True
61230965,0.99960000,11.00000000,10.99560000,1683937361363,False,True
61230966,0.99960000,2008.00000000,2007.19680000,1683937362130,False,True
61230967,0.99960000,11.00000000,10.99560000,1683937362748,False,True
61230968,0.99960000,11.00000000,10.99560000,1683937362826,False,True
61230969,0.99960000,11.00000000,10.99560000,1683937363419,False,True
61230970,0.99960000,26.00000000,25.98960000,1683937363422,False,True
61230971,0.99950000,3000.00000000,2998.50000000,1683937370787,True,True
61230972,0.99960000,40.00000000,39.98400000,1683937372773,False,True
61230973,0.99960000,40.00000000,39.98400000,1683937373096,False,True
61230974,0.99960000,40.00000000,39.98400000,1683937373206,False,True
61230975,0.99960000,40.00000000,39.98400000,1683937374772,False,True
61230976,0.99960000,40.00000000,39.98400000,1683937374826,False,True
61230977,0.99960000,38.00000000,37.98480000,1683937374870,False,True
61230978,0.99950000,395.00000000,394.80250000,1683937375779,True,True
61230979,0.99950000,56.00000000,55.97200000,1683937378438,True,True
61230980,0.99960000,16.00000000,15.99360000,1683937387334,False,True
61230981,0.99960000,14.00000000,13.99440000,1683937387381,False,True
61230982,0.99960000,16.00000000,15.99360000,1683937387569,False,True
61230983,0.99960000,14.00000000,13.99440000,1683937389382,False,True
61230984,0.99960000,14.00000000,13.99440000,1683937389504,False,True
61230985,0.99950000,95.00000000,94.95250000,1683937390421,True,True
61230986,0.99960000,20.00000000,19.99200000,1683937391722,False,True
61230987,0.99960000,220.00000000,219.91200000,1683937392399,False,True
61230988,0.99960000,22.00000000,21.99120000,1683937394395,False,True
61230989,0.99950000,29297.00000000,29282.35150000,1683937395430,True,True
61230990,0.99950000,97.00000000,96.95150000,1683937397307,True,True
61230991,0.99950000,10000.00000000,9995.00000000,1683937402424,True,True
61230992,0.99960000,32.00000000,31.98720000,1683937404377,False,True
61230993,0.99950000,13.00000000,12.99350000,1683937406989,True,True
61230994,0.99960000,18.00000000,17.99280000,1683937407694,False,True
61230995,0.99960000,24.00000000,23.99040000,1683937411643,False,True
61230996,0.99950000,70.00000000,69.96500000,1683937415395,True,True
61230997,0.99960000,43.00000000,42.98280000,1683937415608,False,True
61230998,0.99950000,12.00000000,11.99400000,1683937417392,True,True
61230999,0.99960000,38.00000000,37.98480000,1683937419623,False,True
61231000,0.99950000,22.00000000,21.98900000,1683937422178,True,True
61231001,0.99950000,201.00000000,200.89950000,1683937422397,True,True
61231002,0.99950000,21.00000000,20.98950000,1683937423398,True,True
61231003,0.99950000,402.00000000,401.79900000,1683937423515,True,True
61231004,0.99960000,49.00000000,48.98040000,1683937423614,False,True
61231005,0.99960000,24.00000000,23.99040000,1683937426693,False,True
61231006,0.99960000,71.00000000,70.97160000,1683937427636,False,True
61231007,0.99950000,402.00000000,401.79900000,1683937430799,True,True
61231008,0.99950000,465.00000000,464.76750000,1683937435462,True,True
61231009,0.99960000,12.00000000,11.99520000,1683937437400,False,True
61231010,0.99950000,109.00000000,108.94550000,1683937439498,True,True
61231011,0.99950000,23.00000000,22.98850000,1683937441406,True,True
61231012,0.99950000,122.00000000,121.93900000,1683937442406,True,True
61231013,0.99950000,12.00000000,11.99400000,1683937443402,True,True
61231014,0.99960000,103.00000000,102.95880000,1683937447474,False,True
61231015,0.99960000,21.00000000,20.99160000,1683937447972,False,True
61231016,0.99960000,20.00000000,19.99200000,1683937451970,False,True
61231017,0.99950000,5040.00000000,5037.48000000,1683937452953,True,True
61231018,0.99960000,28.00000000,27.98880000,1683937455974,False,True
61231019,0.99960000,10.00000000,9.99600000,1683937458038,False,True
61231020,0.99950000,235.00000000,234.88250000,1683937465029,True,True
61231021,0.99960000,1374.00000000,1373.45040000,1683937466322,False,True
61231022,0.99960000,2063.00000000,2062.17480000,1683937467983,False,True
61231023,0.99950000,12.00000000,11.99400000,1683937470397,True,True
61231024,0.99960000,65.00000000,64.97400000,1683937476063,False,True
61231025,0.99950000,26.00000000,25.98700000,1683937479892,True,True
61231026,0.99960000,31.00000000,30.98760000,1683937480503,False,True
61231027,0.99960000,40000.00000000,39984.00000000,1683937480621,False,True
61231028,0.99950000,59.00000000,58.97050000,1683937485396,True,True
61231029,0.99960000,70.00000000,69.97200000,1683937493002,False,True
61231030,0.99950000,260.00000000,259.87000000,1683937494393,True,True
61231031,0.99960000,50.00000000,49.98000000,1683937495803,False,True
61231032,0.99960000,28.00000000,27.98880000,1683937506403,False,True
61231033,0.99950000,126.00000000,125.93700000,1683937508401,True,True
61231034,0.99960000,13.00000000,12.99480000,1683937514399,False,True
61231035,0.99960000,10234.00000000,10229.90640000,1683937518680,False,True
61231036,0.99950000,44.00000000,43.97800000,1683937521140,True,True
61231037,0.99950000,12.00000000,11.99400000,1683937522396,True,True
61231038,0.99960000,858.00000000,857.65680000,1683937527921,False,True
61231039,0.99950000,117.00000000,116.94150000,1683937528017,True,True
61231040,0.99950000,50.00000000,49.97500000,1683937533396,True,True
61231041,0.99950000,280.00000000,279.86000000,1683937533605,True,True
61231042,0.99950000,26.00000000,25.98700000,1683937533891,True,True
61231043,0.99950000,36.00000000,35.98200000,1683937534912,True,True
61231044,0.99950000,264.00000000,263.86800000,1683937534982,True,True
61231045,0.99950000,1402.00000000,1401.29900000,1683937536147,True,True
61231046,0.99950000,20.00000000,19.99000000,1683937546889,True,True
61231047,0.99950000,35.00000000,34.98250000,1683937548069,True,True
61231048,0.99950000,20.00000000,19.99000000,1683937553926,True,True
61231049,0.99960000,54.00000000,53.97840000,1683937555865,False,True
61231050,0.99960000,15.00000000,14.99400000,1683937557397,False,True
61231051,0.99960000,19.00000000,18.99240000,1683937560953,False,True
61231052,0.99950000,77.00000000,76.96150000,1683937570020,True,True
61231053,0.99950000,174.00000000,173.91300000,1683937570323,True,True
61231054,0.99960000,3255.00000000,3253.69800000,1683937572043,False,True
61231055,0.99950000,605.00000000,604.69750000,1683937576535,True,True
61231056,0.99960000,501.00000000,500.79960000,1683937576543,False,True
61231057,0.99950000,16.00000000,15.99200000,1683937579044,True,True
61231058,0.99960000,41.00000000,40.98360000,1683937583122,False,True
61231059,0.99950000,16.00000000,15.99200000,1683937588031,True,True
61231060,0.99960000,17.00000000,16.99320000,1683937588199,False,True
61231061,0.99960000,25.00000000,24.99000000,1683937591674,False,True
61231062,0.99960000,49.00000000,48.98040000,1683937593397,False,True
61231063,0.99950000,20.00000000,19.99000000,1683937597298,True,True
61231064,0.99960000,36.00000000,35.98560000,1683937600157,False,True
61231065,0.99960000,21.00000000,20.99160000,1683937602724,False,True
61231066,0.99950000,196.00000000,195.90200000,1683937611193,True,True
61231067,0.99950000,490.00000000,489.75500000,1683937620859,True,True
61231068,0.99950000,22.00000000,21.98900000,1683937625878,True,True
61231069,0.99960000,244.00000000,243.90240000,1683937626124,False,True
61231070,0.99950000,23.00000000,22.98850000,1683937633966,True,True
61231071,0.99960000,14.00000000,13.99440000,1683937636231,False,True
61231072,0.99950000,28.00000000,27.98600000,1683937639398,True,True
61231073,0.99950000,76.00000000,75.96200000,1683937640394,True,True
61231074,0.99960000,105.00000000,104.95800000,1683937642475,False,True
61231075,0.99960000,31.00000000,30.98760000,1683937646471,False,True
61231076,0.99950000,2999.00000000,2997.50050000,1683937649290,True,True
61231077,0.99960000,31.00000000,30.98760000,1683937650511,False,True
61231078,0.99950000,68.00000000,67.96600000,1683937651658,True,True
61231079,0.99960000,51.00000000,50.97960000,1683937654504,False,True
61231080,0.99960000,105.00000000,104.95800000,1683937658493,False,True
61231081,0.99950000,60.00000000,59.97000000,1683937662626,True,True
61231082,0.99960000,143.00000000,142.94280000,1683937664935,False,True
61231083,0.99950000,275.00000000,274.86250000,1683937667712,True,True
61231084,0.99960000,73.00000000,72.97080000,1683937669495,False,True
61231085,0.99960000,20.00000000,19.99200000,1683937671149,False,True
61231086,0.99950000,225.00000000,224.88750000,1683937672192,True,True
61231087,0.99960000,46.00000000,45.98160000,1683937675137,False,True
61231088,0.99950000,87.00000000,86.95650000,1683937677392,True,True
61231089,0.99960000,34.00000000,33.98640000,1683937679197,False,True
61231090,0.99950000,2000.00000000,1999.00000000,1683937680560,True,True
61231091,0.99960000,34.00000000,33.98640000,1683937680941,False,True
61231092,0.99960000,20.00000000,19.99200000,1683937683155,False,True
61231093,0.99950000,12.00000000,11.99400000,1683937686281,True,True
61231094,0.99960000,50.00000000,49.98000000,1683937686674,False,True
61231095,0.99950000,185.00000000,184.90750000,1683937687039,True,True
61231096,0.99950000,559.00000000,558.72050000,1683937687262,True,True
61231097,0.99950000,100.00000000,99.95000000,1683937688457,True,True
61231098,0.99960000,51.00000000,50.97960000,1683937694718,False,True
61231099,0.99960000,15.00000000,14.99400000,1683937694741,False,True
61231100,0.99960000,11.00000000,10.99560000,1683937695362,False,True
61231101,0.99950000,16.00000000,15.99200000,1683937696063,True,True
61231102,0.99960000,50.00000000,49.98000000,1683937697687,False,True
61231103,0.99960000,50.00000000,49.98000000,1683937698712,False,True
61231104,0.99960000,50.00000000,49.98000000,1683937699420,False,True
61231105,0.99950000,1000.00000000,999.50000000,1683937699874,True,True
61231106,0.99960000,50.00000000,49.98000000,1683937700699,False,True
61231107,0.99950000,202.00000000,201.89900000,1683937701474,True,True
61231108,0.99960000,38.00000000,37.98480000,1683937701760,False,True
61231109,0.99960000,50.00000000,49.98000000,1683937702748,False,True
61231110,0.99960000,39.00000000,38.98440000,1683937704683,False,True
61231111,0.99950000,16.00000000,15.99200000,1683937705040,True,True
61231112,0.99960000,41.00000000,40.98360000,1683937705719,False,True
61231113,0.99960000,32.00000000,31.98720000,1683937706698,False,True
61231114,0.99960000,14.00000000,13.99440000,1683937708685,False,True
61231115,0.99960000,32.00000000,31.98720000,1683937708779,False,True
61231116,0.99950000,156.00000000,155.92200000,1683937710809,True,True
61231117,0.99960000,1000.00000000,999.60000000,1683937710994,False,True
61231118,0.99950000,2000.00000000,1999.00000000,1683937712416,True,True
61231119,0.99960000,34.00000000,33.98640000,1683937712719,False,True
61231120,0.99960000,63.00000000,62.97480000,1683937713216,False,True
61231121,0.99950000,16.00000000,15.99200000,1683937714053,True,True
61231122,0.99960000,34.00000000,33.98640000,1683937714708,False,True
61231123,0.99960000,34.00000000,33.98640000,1683937714721,False,True
61231124,0.99950000,36.00000000,35.98200000,1683937714919,True,True
61231125,0.99960000,1000.00000000,999.60000000,1683937716824,False,True
61231126,0.99960000,20.00000000,19.99200000,1683937718722,False,True
61231127,0.99960000,23.00000000,22.99080000,1683937719273,False,True
61231128,0.99960000,33.00000000,32.98680000,1683937719317,False,True
61231129,0.99960000,19.00000000,18.99240000,1683937720053,False,True
61231130,0.99960000,113.00000000,112.95480000,1683937721620,False,True
61231131,0.99950000,242.00000000,241.87900000,1683937722666,True,True
61231132,0.99960000,1000.00000000,999.60000000,1683937722802,False,True
61231133,0.99960000,52.00000000,51.97920000,1683937724774,False,True
61231134,0.99960000,14.00000000,13.99440000,1683937726758,False,True
61231135,0.99960000,11.00000000,10.99560000,1683937728748,False,True
61231136,0.99960000,32.00000000,31.98720000,1683937728932,False,True
61231137,0.99960000,17.00000000,16.99320000,1683937729245,False,True
61231138,0.99960000,20.00000000,19.99200000,1683937729483,False,True
61231139,0.99950000,483.00000000,482.75850000,1683937729922,True,True
61231140,0.99950000,15.00000000,14.99250000,1683937730717,True,True
61231141,0.99960000,51.00000000,50.97960000,1683937731787,False,True
61231142,0.99950000,55.00000000,54.97250000,1683937732422,True,True
61231143,0.99960000,51.00000000,50.97960000,1683937733309,False,True
61231144,0.99960000,38.00000000,37.98480000,1683937735795,False,True
61231145,0.99950000,75.00000000,74.96250000,1683937736849,True,True
61231146,0.99960000,66.00000000,65.97360000,1683937739683,False,True
61231147,0.99960000,42.00000000,41.98320000,1683937739803,False,True
61231148,0.99960000,70.00000000,69.97200000,1683937740769,False,True
61231149,0.99960000,255.00000000,254.89800000,1683937740817,False,True
61231150,0.99960000,105.00000000,104.95800000,1683937740818,False,True
61231151,0.99950000,547.00000000,546.72650000,1683937742456,True,True
61231152,0.99960000,52.00000000,51.97920000,1683937742748,False,True
61231153,0.99960000,105.00000000,104.95800000,1683937743456,False,True
61231154,0.99960000,50.00000000,49.98000000,1683937744777,False,True
61231155,0.99960000,51.00000000,50.97960000,1683937746869,False,True
61231156,0.99960000,50.00000000,49.98000000,1683937747447,False,True
61231157,0.99960000,51.00000000,50.97960000,1683937749253,False,True
61231158,0.99960000,51.00000000,50.97960000,1683937751442,False,True
61231159,0.99950000,11.00000000,10.99450000,1683937753908,True,True
61231160,0.99960000,35.00000000,34.98600000,1683937754796,False,True
61231161,0.99960000,38.00000000,37.98480000,1683937755452,False,True
61231162,0.99960000,50.00000000,49.98000000,1683937758801,False,True
61231163,0.99960000,51.00000000,50.97960000,1683937758863,False,True
61231164,0.99960000,22.00000000,21.99120000,1683937758969,False,True
61231165,0.99950000,84.00000000,83.95800000,1683937759398,True,True
61231166,0.99960000,50.00000000,49.98000000,1683937759501,False,True
61231167,0.99960000,50.00000000,49.98000000,1683937760802,False,True
61231168,0.99960000,20.00000000,19.99200000,1683937762827,False,True
61231169,0.99960000,38.00000000,37.98480000,1683937763457,False,True
61231170,0.99950000,20.00000000,19.99000000,1683937764180,True,True
61231171,0.99960000,38.00000000,37.98480000,1683937764341,False,True
61231172,0.99960000,47.00000000,46.98120000,1683937764824,False,True
61231173,0.99960000,50.00000000,49.98000000,1683937767813,False,True
61231174,0.99950000,79.00000000,78.96050000,1683937768215,True,True
61231175,0.99950000,20.00000000,19.99000000,1683937768220,True,True
61231176,0.99950000,27.00000000,26.98650000,1683937768267,True,True
61231177,0.99960000,52.00000000,51.97920000,1683937768350,False,True
61231178,0.99960000,52.00000000,51.97920000,1683937768825,False,True
61231179,0.99960000,23.00000000,22.99080000,1683937770525,False,True
61231180,0.99950000,1611.00000000,1610.19450000,1683937771358,True,True
61231181,0.99950000,245.00000000,244.87750000,1683937776862,True,True
61231182,0.99950000,502.00000000,501.74900000,1683937782452,True,True
61231183,0.99960000,20.00000000,19.99200000,1683937782805,False,True
61231184,0.99960000,20.00000000,19.99200000,1683937784838,False,True
61231185,0.99960000,20.00000000,19.99200000,1683937784886,False,True
61231186,0.99960000,12.00000000,11.99520000,1683937785905,False,True
61231187,0.99950000,1870.00000000,1869.06500000,1683937795499,True,True
61231188,0.99950000,1633.00000000,1632.18350000,1683937795591,True,True
61231189,0.99950000,147.00000000,146.92650000,1683937795905,True,True
61231190,0.99960000,12.00000000,11.99520000,1683937797629,False,True
61231191,0.99950000,14.00000000,13.99300000,1683937801409,True,True
61231192,0.99950000,300.00000000,299.85000000,1683937801927,True,True
61231193,0.99950000,1000.00000000,999.50000000,1683937804522,True,True
61231194,0.99950000,239.00000000,238.88050000,1683937805100,True,True
61231195,0.99960000,11.00000000,10.99560000,1683937805275,False,True
61231196,0.99950000,35.00000000,34.98250000,1683937806095,True,True
61231197,0.99960000,19.00000000,18.99240000,1683937808168,False,True
61231198,0.99960000,12.00000000,11.99520000,1683937808769,False,True
61231199,0.99950000,128.00000000,127.93600000,1683937809402,True,True
61231200,0.99960000,18.00000000,17.99280000,1683937810199,False,True
61231201,0.99950000,1000.00000000,999.50000000,1683937810406,True,True
61231202,0.99950000,201.00000000,200.89950000,1683937813499,True,True
61231203,0.99960000,23.00000000,22.99080000,1683937815459,False,True
61231204,0.99950000,1000.00000000,999.50000000,1683937816236,True,True
61231205,0.99960000,16.00000000,15.99360000,1683937820114,False,True
61231206,0.99960000,247.00000000,246.90120000,1683937821328,False,True
61231207,0.99960000,23.00000000,22.99080000,1683937824201,False,True
61231208,0.99950000,403.00000000,402.79850000,1683937825467,True,True
61231209,0.99960000,1782.00000000,1781.28720000,1683937833634,False,True
61231210,0.99950000,73.00000000,72.96350000,1683937833962,True,True
61231211,0.99960000,20.00000000,19.99200000,1683937837168,False,True
61231212,0.99950000,50.00000000,49.97500000,1683937839482,True,True
61231213,0.99960000,148.00000000,147.94080000,1683937841220,False,True
61231214,0.99950000,212.00000000,211.89400000,1683937845382,True,True
61231215,0.99950000,165.00000000,164.91750000,1683937845993,True,True
61231216,0.99950000,247.00000000,246.87650000,1683937846060,True,True
61231217,0.99950000,97.00000000,96.95150000,1683937849359,True,True
61231218,0.99950000,416.00000000,415.79200000,1683937849711,True,True
61231219,0.99950000,253.00000000,252.87350000,1683937850155,True,True
61231220,0.99950000,65.00000000,64.96750000,1683937850223,True,True
61231221,0.99960000,15.00000000,14.99400000,1683937850492,False,True
61231222,0.99950000,3899.00000000,3897.05050000,1683937850578,True,True
61231223,0.99950000,490.00000000,489.75500000,1683937850911,True,True
61231224,0.99950000,2000.00000000,1999.00000000,1683937852315,True,True
61231225,0.99960000,358.00000000,357.85680000,1683937854169,False,True
61231226,0.99950000,25.00000000,24.98750000,1683937854481,True,True
61231227,0.99950000,1416.00000000,1415.29200000,1683937854518,True,True
61231228,0.99950000,25.00000000,24.98750000,1683937854538,True,True
61231229,0.99950000,52.00000000,51.97400000,1683937854688,True,True
61231230,0.99950000,16.00000000,15.99200000,1683937855095,True,True
61231231,0.99950000,312.00000000,311.84400000,1683937855702,True,True
61231232,0.99960000,80.00000000,79.96800000,1683937857752,False,True
61231233,0.99950000,2028.00000000,2026.98600000,1683937857911,True,True
61231234,0.99960000,23.00000000,22.99080000,1683937858356,False,True
61231235,0.99950000,26.00000000,25.98700000,1683937859293,True,True
61231236,0.99960000,57.00000000,56.97720000,1683937861022,False,True
61231237,0.99960000,101.00000000,100.95960000,1683937862379,False,True
61231238,0.99950000,16.00000000,15.99200000,1683937864065,True,True
61231239,0.99960000,53.00000000,52.97880000,1683937864237,False,True
61231240,0.99960000,87.00000000,86.96520000,1683937864400,False,True
61231241,0.99960000,21.00000000,20.99160000,1683937864536,False,True
61231242,0.99960000,28.00000000,27.98880000,1683937865035,False,True
61231243,0.99950000,232.00000000,231.88400000,1683937865090,True,True
61231244,0.99950000,2000.00000000,1999.00000000,1683937865680,True,True
61231245,0.99960000,61.00000000,60.97560000,1683937866387,False,True
61231246,0.99950000,1203.00000000,1202.39850000,1683937868573,True,True
61231247,0.99950000,4219.00000000,4216.89050000,1683937870284,True,True
61231248,0.99950000,16.00000000,15.99200000,1683937873168,True,True
61231249,0.99950000,250.00000000,249.87500000,1683937877575,True,True
61231250,0.99950000,27.00000000,26.98650000,1683937878424,True,True
61231251,0.99950000,59.00000000,58.97050000,1683937880971,True,True
61231252,0.99950000,1401.00000000,1400.29950000,1683937881431,True,True
61231253,0.99950000,201.00000000,200.89950000,1683937883144,True,True
61231254,0.99950000,3006.00000000,3004.49700000,1683937883423,True,True
61231255,0.99950000,2205.00000000,2203.89750000,1683937883483,True,True
61231256,0.99950000,2000.00000000,1999.00000000,1683937887434,True,True
61231257,0.99950000,12921.00000000,12914.53950000,1683937892310,True,True
61231258,0.99950000,2001.00000000,1999.99950000,1683937893464,True,True
61231259,0.99950000,51.00000000,50.97450000,1683937898246,True,True
61231260,0.99960000,17.00000000,16.99320000,1683937899990,False,True
61231261,0.99950000,3260.00000000,3258.37000000,1683937900108,True,True
61231262,0.99950000,2054.00000000,2052.97300000,1683937900146,True,True
61231263,0.99950000,604.00000000,603.69800000,1683937900194,True,True
61231264,0.99950000,568.00000000,567.71600000,1683937900197,True,True
61231265,0.99950000,108.00000000,107.94600000,1683937900655,True,True
61231266,0.99950000,4404.00000000,4401.79800000,1683937901580,True,True
61231267,0.99950000,403.00000000,402.79850000,1683937901708,True,True
61231268,0.99950000,316.00000000,315.84200000,1683937903670,True,True
61231269,0.99950000,2000.00000000,1999.00000000,1683937904558,True,True
61231270,0.99950000,159.00000000,158.92050000,1683937906223,True,True
61231271,0.99950000,403.00000000,402.79850000,1683937907505,True,True
61231272,0.99950000,330.00000000,329.83500000,1683937910999,True,True
61231273,0.99960000,164.00000000,163.93440000,1683937912830,False,True
61231274,0.99950000,923.00000000,922.53850000,1683937912939,True,True
61231275,0.99960000,16.00000000,15.99360000,1683937914421,False,True
61231276,0.99960000,194.00000000,193.92240000,1683937920384,False,True
61231277,0.99960000,143.00000000,142.94280000,1683937927689,False,True
61231278,0.99950000,106.00000000,105.94700000,1683937930073,True,True
61231279,0.99950000,530.00000000,529.73500000,1683937931391,True,True
61231280,0.99960000,22.00000000,21.99120000,1683937934036,False,True
61231281,0.99950000,83.00000000,82.95850000,1683937937012,True,True
61231282,0.99950000,17.00000000,16.99150000,1683937937391,True,True
61231283,0.99950000,169.00000000,168.91550000,1683937939231,True,True
61231284,0.99950000,16.00000000,15.99200000,1683937939649,True,True
61231285,0.99960000,29.00000000,28.98840000,1683937942657,False,True
61231286,0.99950000,522.00000000,521.73900000,1683937943428,True,True
61231287,0.99960000,16.00000000,15.99360000,1683937947392,False,True
61231288,0.99950000,16.00000000,15.99200000,1683937948071,True,True
61231289,0.99960000,27.00000000,26.98920000,1683937952231,False,True
61231290,0.99960000,44.00000000,43.98240000,1683937952909,False,True
61231291,0.99960000,56.00000000,55.97760000,1683937963199,False,True
61231292,0.99950000,403.00000000,402.79850000,1683937963553,True,True
61231293,0.99950000,78.00000000,77.96100000,1683937963554,True,True
61231294,0.99950000,218.00000000,217.89100000,1683937973201,True,True
61231295,0.99960000,22.00000000,21.99120000,1683937973447,False,True
61231296,0.99950000,50.00000000,49.97500000,1683937975068,True,True
61231297,0.99950000,132.00000000,131.93400000,1683937980395,True,True
61231298,0.99950000,313.00000000,312.84350000,1683937980984,True,True
61231299,0.99950000,2000.00000000,1999.00000000,1683937983047,True,True
61231300,0.99950000,26.00000000,25.98700000,1683937983951,True,True
61231301,0.99950000,16.00000000,15.99200000,1683937984070,True,True
61231302,0.99950000,99.00000000,98.95050000,1683937985665,True,True
61231303,0.99950000,585.00000000,584.70750000,1683937985899,True,True
61231304,0.99960000,19.00000000,18.99240000,1683937986466,False,True
61231305,0.99960000,99.00000000,98.96040000,1683937988226,False,True
61231306,0.99960000,12.00000000,11.99520000,1683937991947,False,True
61231307,0.99960000,39.00000000,38.98440000,1683937991963,False,True
61231308,0.99950000,16.00000000,15.99200000,1683937993074,True,True
61231309,0.99960000,19.00000000,18.99240000,1683937995837,False,True
61231310,0.99960000,89.00000000,88.96440000,1683937996971,False,True
61231311,0.99960000,16696.00000000,16689.32160000,1683937999221,False,True
61231312,0.99960000,13.00000000,12.99480000,1683937999245,False,True
61231313,0.99960000,21.00000000,20.99160000,1683938000401,False,True
61231314,0.99950000,48.00000000,47.97600000,1683938004071,True,True
61231315,0.99950000,12.00000000,11.99400000,1683938016390,True,True
61231316,0.99950000,12.00000000,11.99400000,1683938020388,True,True
61231317,0.99950000,12.00000000,11.99400000,1683938021389,True,True
61231318,0.99950000,12.00000000,11.99400000,1683938023393,True,True
61231319,0.99960000,40.00000000,39.98400000,1683938025216,False,True
61231320,0.99950000,22.00000000,21.98900000,1683938027032,True,True
61231321,0.99950000,133.00000000,132.93350000,1683938031982,True,True
61231322,0.99950000,265.00000000,264.86750000,1683938042758,True,True
61231323,0.99960000,3571.00000000,3569.57160000,1683938044475,False,True
61231324,0.99960000,3571.00000000,3569.57160000,1683938045750,False,True
61231325,0.99960000,3573.00000000,3571.57080000,1683938046606,False,True
61231326,0.99950000,106.00000000,105.94700000,1683938050111,True,True
61231327,0.99960000,3572.00000000,3570.57120000,1683938050162,False,True
61231328,0.99960000,136.00000000,135.94560000,1683938057347,False,True
61231329,0.99950000,14.00000000,13.99300000,1683938078007,True,True
61231330,0.99960000,67.00000000,66.97320000,1683938082837,False,True
61231331,0.99950000,497.00000000,496.75150000,1683938091462,True,True
61231332,0.99960000,5000.00000000,4998.00000000,1683938100698,False,True
61231333,0.99960000,100.00000000,99.96000000,1683938109704,False,True
61231334,0.99960000,224.00000000,223.91040000,1683938112389,False,True
61231335,0.99950000,101.00000000,100.94950000,1683938118390,True,True
61231336,0.99960000,103.00000000,102.95880000,1683938119774,False,True
61231337,0.99950000,134.00000000,133.93300000,1683938122077,True,True
61231338,0.99960000,2000.00000000,1999.20000000,1683938122303,False,True
61231339,0.99960000,2626.00000000,2624.94960000,1683938123257,False,True
61231340,0.99960000,2251.00000000,2250.09960000,1683938123296,False,True
61231341,0.99950000,16.00000000,15.99200000,1683938131090,True,True
61231342,0.99950000,23.00000000,22.98850000,1683938143774,True,True
61231343,0.99950000,27.00000000,26.98650000,1683938146093,True,True
61231344,0.99950000,194.00000000,193.90300000,1683938156964,True,True
61231345,0.99960000,21.00000000,20.99160000,1683938163168,False,True
61231346,0.99960000,2000.00000000,1999.20000000,1683938165852,False,True
61231347,0.99960000,943.00000000,942.62280000,1683938168859,False,True
61231348,0.99960000,121.00000000,120.95160000,1683938171085,False,True
61231349,0.99960000,44.00000000,43.98240000,1683938176822,False,True
61231350,0.99950000,24.00000000,23.98800000,1683938177930,True,True
61231351,0.99950000,177.00000000,176.91150000,1683938179409,True,True
61231352,0.99950000,20.00000000,19.99000000,1683938185212,True,True
61231353,0.99960000,31.00000000,30.98760000,1683938186062,False,True
61231354,0.99950000,12.00000000,11.99400000,1683938189388,True,True
61231355,0.99950000,16.00000000,15.99200000,1683938195981,True,True
61231356,0.99960000,14.00000000,13.99440000,1683938199633,False,True
61231357,0.99960000,3316.00000000,3314.67360000,1683938202389,False,True
61231358,0.99960000,37.00000000,36.98520000,1683938205030,False,True
61231359,0.99950000,26.00000000,25.98700000,1683938205114,True,True
61231360,0.99950000,19.00000000,18.99050000,1683938205939,True,True
61231361,0.99950000,1481.00000000,1480.25950000,1683938208389,True,True
61231362,0.99950000,123.00000000,122.93850000,1683938212096,True,True
61231363,0.99950000,60.00000000,59.97000000,1683938212782,True,True
61231364,0.99950000,137.00000000,136.93150000,1683938213079,True,True
61231365,0.99950000,497.00000000,496.75150000,1683938215555,True,True
61231366,0.99950000,2028.00000000,2026.98600000,1683938217421,True,True
61231367,0.99950000,229.00000000,228.88550000,1683938220096,True,True
61231368,0.99950000,16.00000000,15.99200000,1683938221104,True,True
61231369,0.99950000,188.00000000,187.90600000,1683938221967,True,True
61231370,0.99960000,12.00000000,11.99520000,1683938223345,False,True
61231371,0.99960000,30.00000000,29.98800000,1683938225237,False,True
61231372,0.99950000,44.00000000,43.97800000,1683938227919,True,True
61231373,0.99950000,9570.00000000,9565.21500000,1683938228390,True,True
61231374,0.99950000,16.00000000,15.99200000,1683938230103,True,True
61231375,0.99950000,1783.00000000,1782.10850000,1683938233632,True,True
61231376,0.99950000,3290.00000000,3288.35500000,1683938233675,True,True
61231377,0.99950000,18.00000000,17.99100000,1683938234388,True,True
61231378,0.99960000,25.00000000,24.99000000,1683938238949,False,True
61231379,0.99950000,16.00000000,15.99200000,1683938239112,True,True
61231380,0.99950000,23.00000000,22.98850000,1683938251489,True,True
61231381,0.99950000,200.00000000,199.90000000,1683938259535,True,True
61231382,0.99960000,19.00000000,18.99240000,1683938265180,False,True
61231383,0.99960000,18.00000000,17.99280000,1683938265430,False,True
61231384,0.99960000,18.00000000,17.99280000,1683938265625,False,True
61231385,0.99960000,18.00000000,17.99280000,1683938267103,False,True
61231386,0.99960000,12.00000000,11.99520000,1683938269172,False,True
61231387,0.99960000,12.00000000,11.99520000,1683938269496,False,True
61231388,0.99950000,20.00000000,19.99000000,1683938269507,True,True
61231389,0.99960000,30.00000000,29.98800000,1683938270213,False,True
61231390,0.99960000,21.00000000,20.99160000,1683938271224,False,True
61231391,0.99960000,35.00000000,34.98600000,1683938273095,False,True
61231392,0.99960000,19.00000000,18.99240000,1683938273183,False,True
61231393,0.99950000,67.00000000,66.96650000,1683938275105,True,True
61231394,0.99960000,50.00000000,49.98000000,1683938279306,False,True
61231395,0.99960000,22.00000000,21.99120000,1683938282869,False,True
61231396,0.99950000,194.00000000,193.90300000,1683938284399,True,True
61231397,0.99950000,2900.00000000,2898.55000000,1683938285171,True,True
61231398,0.99950000,160.00000000,159.92000000,1683938291235,True,True
61231399,0.99950000,122.00000000,121.93900000,1683938292713,True,True
61231400,0.99960000,40.00000000,39.98400000,1683938294652,False,True
61231401,0.99960000,56.00000000,55.97760000,1683938298384,False,True
61231402,0.99950000,36.00000000,35.98200000,1683938301171,True,True
61231403,0.99960000,12.00000000,11.99520000,1683938301720,False,True
61231404,0.99960000,328.00000000,327.86880000,1683938303210,False,True
61231405,0.99960000,12.00000000,11.99520000,1683938303386,False,True
61231406,0.99960000,12.00000000,11.99520000,1683938303679,False,True
61231407,0.99960000,12.00000000,11.99520000,1683938304001,False,True
61231408,0.99950000,70.00000000,69.96500000,1683938305113,True,True
61231409,0.99960000,21.00000000,20.99160000,1683938305998,False,True
61231410,0.99960000,18.00000000,17.99280000,1683938307611,False,True
61231411,0.99960000,18.00000000,17.99280000,1683938307682,False,True
61231412,0.99960000,18.00000000,17.99280000,1683938307739,False,True
61231413,0.99960000,16.00000000,15.99360000,1683938313170,False,True
61231414,0.99950000,42.00000000,41.97900000,1683938314559,True,True
61231415,0.99950000,99.00000000,98.95050000,1683938315880,True,True
61231416,0.99960000,14.00000000,13.99440000,1683938316411,False,True
61231417,0.99950000,58.00000000,57.97100000,1683938316499,True,True
61231418,0.99960000,14.00000000,13.99440000,1683938317117,False,True
61231419,0.99960000,46.00000000,45.98160000,1683938317700,False,True
61231420,0.99950000,106.00000000,105.94700000,1683938332108,True,True
61231421,0.99960000,74.00000000,73.97040000,1683938332904,False,True
61231422,0.99960000,28.00000000,27.98880000,1683938335354,False,True
61231423,0.99960000,19.00000000,18.99240000,1683938337034,False,True
61231424,0.99960000,18.00000000,17.99280000,1683938337388,False,True
61231425,0.99950000,79.00000000,78.96050000,1683938338450,True,True
61231426,0.99950000,16.00000000,15.99200000,1683938341109,True,True
61231427,0.99950000,55.00000000,54.97250000,1683938343693,True,True
61231428,0.99950000,12.00000000,11.99400000,1683938346749,True,True
61231429,0.99950000,357.00000000,356.82150000,1683938357449,True,True
61231430,0.99960000,2170.00000000,2169.13200000,1683938360286,False,True
61231431,0.99950000,37.00000000,36.98150000,1683938360600,True,True
61231432,0.99960000,28.00000000,27.98880000,1683938361586,False,True
61231433,0.99950000,40.00000000,39.98000000,1683938362478,True,True
61231434,0.99950000,13.00000000,12.99350000,1683938366602,True,True
61231435,0.99950000,12.00000000,11.99400000,1683938368322,True,True
61231436,0.99960000,14.00000000,13.99440000,1683938369488,False,True
61231437,0.99960000,36.00000000,35.98560000,1683938369503,False,True
61231438,0.99950000,442.00000000,441.77900000,1683938376245,True,True
61231439,0.99950000,18.00000000,17.99100000,1683938377456,True,True
61231440,0.99960000,60.00000000,59.97600000,1683938383126,False,True
61231441,0.99950000,404.00000000,403.79800000,1683938383911,True,True
61231442,0.99960000,60.00000000,59.97600000,1683938389627,False,True
61231443,0.99960000,164.00000000,163.93440000,1683938391167,False,True
61231444,0.99950000,189.00000000,188.90550000,1683938392390,True,True
61231445,0.99950000,164.00000000,163.91800000,1683938393695,True,True
61231446,0.99950000,1002.00000000,1001.49900000,1683938394386,True,True
61231447,0.99960000,98.00000000,97.96080000,1683938398600,False,True
61231448,0.99950000,2000.00000000,1999.00000000,1683938408213,True,True
61231449,0.99950000,160.00000000,159.92000000,1683938419659,True,True
61231450,0.99950000,13.00000000,12.99350000,1683938419671,True,True
61231451,0.99960000,764.00000000,763.69440000,1683938425876,False,True
61231452,0.99960000,2000.00000000,1999.20000000,1683938427468,False,True
61231453,0.99960000,14127.00000000,14121.34920000,1683938427469,False,True
61231454,0.99960000,4000.00000000,3998.40000000,1683938427469,False,True
61231455,0.99960000,8000.00000000,7996.80000000,1683938427469,False,True
61231456,0.99960000,18.00000000,17.99280000,1683938427481,False,True
61231457,0.99950000,165.00000000,164.91750000,1683938431628,True,True
61231458,0.99960000,16.00000000,15.99360000,1683938437386,False,True
61231459,0.99950000,16.00000000,15.99200000,1683938440635,True,True
61231460,0.99950000,1000.00000000,999.50000000,1683938444945,True,True
61231461,0.99950000,434.00000000,433.78300000,1683938444983,True,True
61231462,0.99960000,12400.00000000,12395.04000000,1683938447914,False,True
61231463,0.99950000,16.00000000,15.99200000,1683938449626,True,True
61231464,0.99960000,44.00000000,43.98240000,1683938450277,False,True
61231465,0.99950000,761.00000000,760.61950000,1683938451069,True,True
61231466,0.99960000,59.00000000,58.97640000,1683938453196,False,True
61231467,0.99960000,53.00000000,52.97880000,1683938454632,False,True
61231468,0.99960000,2889.00000000,2887.84440000,1683938455391,False,True
61231469,0.99950000,35.00000000,34.98250000,1683938457803,True,True
61231470,0.99950000,250.00000000,249.87500000,1683938458616,True,True
61231471,0.99950000,16.00000000,15.99200000,1683938458629,True,True
61231472,0.99950000,600.00000000,599.70000000,1683938460212,True,True
61231473,0.99950000,16.00000000,15.99200000,1683938467627,True,True
61231474,0.99950000,600.00000000,599.70000000,1683938470230,True,True
61231475,0.99950000,265.00000000,264.86750000,1683938472208,True,True
61231476,0.99950000,360.00000000,359.82000000,1683938473209,True,True
61231477,0.99950000,16.00000000,15.99200000,1683938476639,True,True
61231478,0.99950000,289.00000000,288.85550000,1683938477507,True,True
61231479,0.99960000,25.00000000,24.99000000,1683938478386,False,True
61231480,0.99950000,600.00000000,599.70000000,1683938480235,True,True
61231481,0.99950000,26.00000000,25.98700000,1683938482491,True,True
61231482,0.99950000,29.00000000,28.98550000,1683938483663,True,True
61231483,0.99950000,10044.00000000,10038.97800000,1683938484549,True,True
61231484,0.99950000,16.00000000,15.99200000,1683938485639,True,True
61231485,0.99950000,20.00000000,19.99000000,1683938487097,True,True
61231486,0.99960000,11.00000000,10.99560000,1683938488535,False,True
61231487,0.99950000,410.00000000,409.79500000,1683938489711,True,True
61231488,0.99950000,600.00000000,599.70000000,1683938490235,True,True
61231489,0.99950000,16.00000000,15.99200000,1683938494632,True,True
61231490,0.99960000,21.00000000,20.99160000,1683938496087,False,True
61231491,0.99960000,23.00000000,22.99080000,1683938496128,False,True
61231492,0.99950000,55.00000000,54.97250000,1683938496775,True,True
61231493,0.99950000,600.00000000,599.70000000,1683938500270,True,True
61231494,0.99960000,42.00000000,41.98320000,1683938500564,False,True
61231495,0.99960000,112.00000000,111.95520000,1683938508302,False,True
61231496,0.99950000,24.00000000,23.98800000,1683938509115,True,True
61231497,0.99950000,4199.00000000,4196.90050000,1683938509309,True,True
61231498,0.99950000,600.00000000,599.70000000,1683938510281,True,True
61231499,0.99950000,821.00000000,820.58950000,1683938512770,True,True
61231500,0.99950000,36.00000000,35.98200000,1683938516085,True,True
61231501,0.99950000,66.00000000,65.96700000,1683938518752,True,True
61231502,0.99960000,93.00000000,92.96280000,1683938518982,False,True
61231503,0.99950000,600.00000000,599.70000000,1683938520282,True,True
61231504,0.99960000,33.00000000,32.98680000,1683938520389,False,True
61231505,0.99950000,542.00000000,541.72900000,1683938520419,True,True
61231506,0.99950000,530.00000000,529.73500000,1683938521220,True,True
61231507,0.99950000,8413.00000000,8408.79350000,1683938521471,True,True
61231508,0.99950000,1409.00000000,1408.29550000,1683938522060,True,True
61231509,0.99950000,2023.00000000,2021.98850000,1683938522249,True,True
61231510,0.99950000,498.00000000,497.75100000,1683938525744,True,True
61231511,0.99950000,1000.00000000,999.50000000,1683938526567,True,True
61231512,0.99950000,1000.00000000,999.50000000,1683938527254,True,True
61231513,0.99960000,10148.00000000,10143.94080000,1683938528432,False,True
61231514,0.99950000,600.00000000,599.70000000,1683938530285,True,True
61231515,0.99950000,7341.00000000,7337.32950000,1683938534188,True,True
61231516,0.99960000,184.00000000,183.92640000,1683938538248,False,True
61231517,0.99960000,80.00000000,79.96800000,1683938539970,False,True
61231518,0.99950000,600.00000000,599.70000000,1683938540287,True,True
61231519,0.99960000,492.00000000,491.80320000,1683938546390,False,True
61231520,0.99950000,600.00000000,599.70000000,1683938550288,True,True
61231521,0.99950000,1529.00000000,1528.23550000,1683938552410,True,True
61231522,0.99950000,527.00000000,526.73650000,1683938552888,True,True
61231523,0.99950000,41.00000000,40.97950000,1683938554765,True,True
61231524,0.99960000,34.00000000,33.98640000,1683938554782,False,True
61231525,0.99950000,70.00000000,69.96500000,1683938554812,True,True
61231526,0.99950000,20.00000000,19.99000000,1683938555844,True,True
61231527,0.99950000,20.00000000,19.99000000,1683938555881,True,True
61231528,0.99950000,133.00000000,132.93350000,1683938556464,True,True
61231529,0.99950000,25.00000000,24.98750000,1683938556604,True,True
61231530,0.99950000,35.00000000,34.98250000,1683938559655,True,True
61231531,0.99950000,600.00000000,599.70000000,1683938560288,True,True
61231532,0.99950000,600.00000000,599.70000000,1683938560290,True,True
61231533,0.99950000,49.00000000,48.97550000,1683938568611,True,True
61231534,0.99950000,600.00000000,599.70000000,1683938570290,True,True
61231535,0.99960000,12.00000000,11.99520000,1683938571372,False,True
61231536,0.99960000,13.00000000,12.99480000,1683938571715,False,True
61231537,0.99960000,217.00000000,216.91320000,1683938572594,False,True
61231538,0.99950000,600.00000000,599.70000000,1683938580291,True,True
61231539,0.99950000,257.00000000,256.87150000,1683938585829,True,True
61231540,0.99950000,600.00000000,599.70000000,1683938590293,True,True
61231541,0.99950000,66.00000000,65.96700000,1683938591654,True,True
61231542,0.99950000,100.00000000,99.95000000,1683938596016,True,True
61231543,0.99950000,17.00000000,16.99150000,1683938598386,True,True
61231544,0.99950000,600.00000000,599.70000000,1683938600292,True,True
61231545,0.99950000,36.00000000,35.98200000,1683938602612,True,True
61231546,0.99960000,10152.00000000,10147.93920000,1683938605231,False,True
61231547,0.99950000,600.00000000,599.70000000,1683938610294,True,True
61231548,0.99950000,122.00000000,121.93900000,1683938610473,True,True
61231549,0.99950000,79.00000000,78.96050000,1683938611643,True,True
61231550,0.99950000,42.00000000,41.97900000,1683938616757,True,True
61231551,0.99960000,12.00000000,11.99520000,1683938617735,False,True
61231552,0.99950000,35.00000000,34.98250000,1683938618177,True,True
61231553,0.99960000,1172.00000000,1171.53120000,1683938620388,False,True
61231554,0.99950000,51.00000000,50.97450000,1683938620778,True,True
61231555,0.99950000,2000.00000000,1999.00000000,1683938623974,True,True
61231556,0.99950000,168.00000000,167.91600000,1683938624820,True,True
61231557,0.99950000,614.00000000,613.69300000,1683938625534,True,True
61231558,0.99950000,547.00000000,546.72650000,1683938628651,True,True
61231559,0.99950000,258.00000000,257.87100000,1683938630888,True,True
61231560,0.99950000,159.00000000,158.92050000,1683938637512,True,True
61231561,0.99950000,37.00000000,36.98150000,1683938637708,True,True
61231562,0.99950000,104.00000000,103.94800000,1683938643046,True,True
61231563,0.99960000,28.00000000,27.98880000,1683938643297,False,True
61231564,0.99950000,144.00000000,143.92800000,1683938643427,True,True
61231565,0.99960000,18.00000000,17.99280000,1683938645510,False,True
61231566,0.99960000,240.00000000,239.90400000,1683938647491,False,True
61231567,0.99950000,94.00000000,93.95300000,1683938647677,True,True
61231568,0.99950000,647.00000000,646.67650000,1683938648510,True,True
61231569,0.99950000,12.00000000,11.99400000,1683938649243,True,True
61231570,0.99960000,31.00000000,30.98760000,1683938649487,False,True
61231571,0.99960000,22.00000000,21.99120000,1683938649514,False,True
61231572,0.99950000,240.00000000,239.88000000,1683938653150,True,True
61231573,0.99960000,14.00000000,13.99440000,1683938653520,False,True
61231574,0.99960000,18.00000000,17.99280000,1683938653535,False,True
61231575,0.99950000,42.00000000,41.97900000,1683938654075,True,True
61231576,0.99950000,281.00000000,280.85950000,1683938656006,True,True
61231577,0.99960000,49.00000000,48.98040000,1683938656720,False,True
61231578,0.99960000,18.00000000,17.99280000,1683938656943,False,True
61231579,0.99960000,31.00000000,30.98760000,1683938657780,False,True
61231580,0.99950000,13.00000000,12.99350000,1683938658385,True,True
61231581,0.99950000,23.00000000,22.98850000,1683938658776,True,True
61231582,0.99960000,240.00000000,239.90400000,1683938660845,False,True
61231583,0.99960000,28.00000000,27.98880000,1683938661177,False,True
61231584,0.99950000,202.00000000,201.89900000,1683938661672,True,True
61231585,0.99960000,31.00000000,30.98760000,1683938661862,False,True
61231586,0.99960000,28.00000000,27.98880000,1683938664956,False,True
61231587,0.99950000,240.00000000,239.88000000,1683938666021,True,True
61231588,0.99950000,112.00000000,111.94400000,1683938666880,True,True
61231589,0.99960000,240.00000000,239.90400000,1683938671551,False,True
61231590,0.99960000,71.00000000,70.97160000,1683938674870,False,True
61231591,0.99950000,240.00000000,239.88000000,1683938677323,True,True
61231592,0.99960000,90.00000000,89.96400000,1683938678034,False,True
61231593,0.99950000,53.00000000,52.97350000,1683938682348,True,True
61231594,0.99950000,191.00000000,190.90450000,1683938682714,True,True
61231595,0.99960000,240.00000000,239.90400000,1683938683100,False,True
61231596,0.99950000,252.00000000,251.87400000,1683938683509,True,True
61231597,0.99950000,37.00000000,36.98150000,1683938685242,True,True
61231598,0.99950000,240.00000000,239.88000000,1683938687150,True,True
61231599,0.99950000,39.00000000,38.98050000,1683938690330,True,True
61231600,0.99960000,83.00000000,82.96680000,1683938691792,False,True
61231601,0.99950000,35.00000000,34.98250000,1683938692619,True,True
61231602,0.99960000,49.00000000,48.98040000,1683938693149,False,True
61231603,0.99950000,725.00000000,724.63750000,1683938693301,True,True
61231604,0.99960000,240.00000000,239.90400000,1683938694642,False,True
61231605,0.99950000,240.00000000,239.88000000,1683938701073,True,True
61231606,0.99950000,941.00000000,940.52950000,1683938703149,True,True
61231607,0.99950000,103.00000000,102.94850000,1683938705757,True,True
61231608,0.99960000,240.00000000,239.90400000,1683938707284,False,True
61231609,0.99950000,60.00000000,59.97000000,1683938707314,True,True
61231610,0.99950000,988.00000000,987.50600000,1683938707444,True,True
61231611,0.99950000,988.00000000,987.50600000,1683938707890,True,True
61231612,0.99950000,988.00000000,987.50600000,1683938708080,True,True
61231613,0.99950000,988.00000000,987.50600000,1683938708552,True,True
61231614,0.99950000,988.00000000,987.50600000,1683938709020,True,True
61231615,0.99950000,198.00000000,197.90100000,1683938709174,True,True
61231616,0.99950000,988.00000000,987.50600000,1683938709281,True,True
61231617,0.99950000,988.00000000,987.50600000,1683938709617,True,True
61231618,0.99950000,48.00000000,47.97600000,1683938710009,True,True
61231619,0.99950000,988.00000000,987.50600000,1683938710046,True,True
61231620,0.99950000,988.00000000,987.50600000,1683938710151,True,True
61231621,0.99950000,402.00000000,401.79900000,1683938710655,True,True
61231622,0.99950000,988.00000000,987.50600000,1683938710855,True,True
61231623,0.99950000,988.00000000,987.50600000,1683938710957,True,True
61231624,0.99950000,988.00000000,987.50600000,1683938711310,True,True
61231625,0.99950000,988.00000000,987.50600000,1683938712262,True,True
61231626,0.99950000,988.00000000,987.50600000,1683938712380,True,True
61231627,0.99950000,240.00000000,239.88000000,1683938712445,True,True
61231628,0.99950000,276.00000000,275.86200000,1683938715735,True,True
61231629,0.99960000,19.00000000,18.99240000,1683938716389,False,True
61231630,0.99960000,240.00000000,239.90400000,1683938719402,False,True
61231631,0.99950000,16.00000000,15.99200000,1683938719658,True,True
61231632,0.99950000,39.00000000,38.98050000,1683938720543,True,True
61231633,0.99950000,1199.00000000,1198.40050000,1683938726890,True,True
61231634,0.99950000,240.00000000,239.88000000,1683938727422,True,True
61231635,0.99950000,11.00000000,10.99450000,1683938731625,True,True
61231636,0.99950000,213.00000000,212.89350000,1683938733811,True,True
61231637,0.99950000,214.00000000,213.89300000,1683938736803,True,True
61231638,0.99950000,257.00000000,256.87150000,1683938737990,True,True
61231639,0.99950000,66.00000000,65.96700000,1683938738120,True,True
61231640,0.99950000,199.00000000,198.90050000,1683938738702,True,True
61231641,0.99950000,230.00000000,229.88500000,1683938741629,True,True
61231642,0.99950000,31.00000000,30.98450000,1683938742444,True,True
61231643,0.99950000,360.00000000,359.82000000,1683938742620,True,True
61231644,0.99950000,628.00000000,627.68600000,1683938742665,True,True
61231645,0.99950000,390.00000000,389.80500000,1683938742903,True,True
61231646,0.99950000,85.00000000,84.95750000,1683938747331,True,True
61231647,0.99950000,77.00000000,76.96150000,1683938750213,True,True
61231648,0.99960000,74.00000000,73.97040000,1683938757386,False,True
61231649,0.99960000,26.00000000,25.98960000,1683938761705,False,True
61231650,0.99950000,95.00000000,94.95250000,1683938770678,True,True
61231651,0.99950000,119.00000000,118.94050000,1683938776864,True,True
61231652,0.99950000,16.00000000,15.99200000,1683938779670,True,True
61231653,0.99950000,20.00000000,19.99000000,1683938783307,True,True
61231654,0.99950000,600.00000000,599.70000000,1683938788616,True,True
61231655,0.99950000,36.00000000,35.98200000,1683938790800,True,True
61231656,0.99960000,44.00000000,43.98240000,1683938792101,False,True
61231657,0.99960000,18.00000000,17.99280000,1683938794391,False,True
61231658,0.99960000,46.00000000,45.98160000,1683938794914,False,True
61231659,0.99960000,13.00000000,12.99480000,1683938797387,False,True
61231660,0.99960000,97.00000000,96.96120000,1683938799434,False,True
61231661,0.99950000,105.00000000,104.94750000,1683938801385,True,True
61231662,0.99960000,18.00000000,17.99280000,1683938802518,False,True
61231663,0.99950000,20.00000000,19.99000000,1683938806264,True,True
61231664,0.99950000,221.00000000,220.88950000,1683938806437,True,True
61231665,0.99950000,975.00000000,974.51250000,1683938806729,True,True
61231666,0.99950000,20.00000000,19.99000000,1683938806784,True,True
61231667,0.99950000,20.00000000,19.99000000,1683938806830,True,True
61231668,0.99950000,26.00000000,25.98700000,1683938808536,True,True
61231669,0.99950000,37.00000000,36.98150000,1683938818421,True,True
61231670,0.99960000,40.00000000,39.98400000,1683938826733,False,True
61231671,0.99950000,100.00000000,99.95000000,1683938827400,True,True
61231672,0.99950000,24.00000000,23.98800000,1683938829553,True,True
61231673,0.99950000,94.00000000,93.95300000,1683938830677,True,True
61231674,0.99960000,7422.00000000,7419.03120000,1683938837251,False,True
61231675,0.99950000,30.00000000,29.98500000,1683938837405,True,True
61231676,0.99960000,12.00000000,11.99520000,1683938841549,False,True
61231677,0.99960000,1228.00000000,1227.50880000,1683938844935,False,True
61231678,0.99950000,15.00000000,14.99250000,1683938846614,True,True
61231679,0.99950000,2000.00000000,1999.00000000,1683938848911,True,True
61231680,0.99950000,28.00000000,27.98600000,1683938852745,True,True
61231681,0.99960000,1663.00000000,1662.33480000,1683938855387,False,True
61231682,0.99950000,118.00000000,117.94100000,1683938860672,True,True
61231683,0.99950000,100.00000000,99.95000000,1683938861186,True,True
61231684,0.99960000,104.00000000,103.95840000,1683938861390,False,True
61231685,0.99960000,125.00000000,124.95000000,1683938863793,False,True
61231686,0.99960000,35.00000000,34.98600000,1683938863891,False,True
61231687,0.99950000,415.00000000,414.79250000,1683938864244,True,True
61231688,0.99950000,246.00000000,245.87700000,1683938865627,True,True
61231689,0.99950000,2531.00000000,2529.73450000,1683938866586,True,True
61231690,0.99960000,485.00000000,484.80600000,1683938868929,False,True
